ISA*00*          *00*          *ZZ*330897513      *ZZ*MTCSSH         *200714*0709*^*00501*739073068*0*P*:~GS*HP*330897513*MTCSSH*20200714*0709*739073068*X*005010X221A1~ST*835*0001~BPR*I*48.55*C*ACH*CCP*01*121000248*DA*4122162225*1431361841*000095378*01*211871691*DA*789290156*20200716~TRN*1*2020071515000563*1431361841*000095378~REF*EV*BFT220003440~REF*F2*1333~DTM*405*20200713~N1*PR*UNITEDHEALTHCARE OF THE MIDWEST INC DUAL*XV*95378~N3*IOWA*PO BOX 7550~N4*PHOENIX*AZ*850117550~REF*2U*95378~PER*CX*PROVIDER CUSTOMER SERVICE*TE*8443686883~PER*BL*UHC ESOLUTIONS COMMUNITY HEALTHPLAN*TE*8002108315*EM*AC_EDI_OPS@UHC.COM~N1*PE*MEDITELECARE OF IOWA LLC*XX*1386146678~N3*400 EAST COURT AVE SUITE 110~N4*DES MOINES*IA*50309~REF*TJ*824615184~LX*1~TS3*006840890003*02*20201231*1*180~CLP*1516758571*1*180*48.55*12.39*HM*20E097269101*02*7~NM1*QC*1*VANROEKEL*DONALD*G***MI*116972436~NM1*82*1*TALLENT*KATHLEEN*A**PHD*XX*1528238698~REF*CE*IA UNITEDHEALTHCARE DUAL COMPL~DTM*232*20200427~DTM*233*20200427~DTM*050*20200703~AMT*AU*61.93~SVC*HC:90832:GT*180*48.55~DTM*472*20200427~CAS*CO*253*.99**45*118.07~CAS*PR*2*12.39~REF*LU*M1~REF*6R*2551516758571~AMT*B6*61.93~SE*34*0001~ST*835*0002~BPR*H*0*C*NON************20200716~TRN*1*2020071512200680*1363379945*000095378~REF*EV*BFT220003440~REF*F2*1333~DTM*405*20200713~N1*PR*UNITEDHEALTHCARE PLAN OF THE RIVER VALLEY INC*XV*95378~N3*PO BOX 7550~N4*PHOENIX*AZ*850117550~REF*2U*95378~PER*CX*PROVIDER CUSTOMER SERVICE*TE*8777438731~PER*BL*UHC ESOLUTIONS COMMUNITY HEALTHPLAN*TE*8002108315*EM*AC_EDI_OPS@UHC.COM*UR*WWW.UNITEDHEALTHCAREONLINE.COM~N1*PE*MEDITELECARE OF IOWA LLC*XX*1386146678~N3*400 EAST COURT AVE SUITE 110~N4*DES MOINES*IA*50309~REF*TJ*824615184~LX*1~TS3*006840890002*02*20201231*12*3896~CLP*CX81028X1*2*253*0**MC*19B176892501*02*1~NM1*QC*1*BURROUGHS*RUBY****MI*114712549~NM1*74*1******C*0925621G~NM1*82*1*LABERTEW*HOLLY***MA*XX*1023517125~MOA***N425~REF*CE*IA DUAL INSTITUTIONALIZED LTC~DTM*232*20190102~DTM*233*20190102~DTM*050*20190131~AMT*AU*193.82~SVC*HC:G0407*253*0~DTM*472*20190102~CAS*CO*96*59.18~CAS*OA*23*193.82~REF*LU*M1~AMT*B6*193.82~LQ*HE*N425~CLP*CX108100X1*2*339*0**MC*19C278531301*02*1~NM1*QC*1*HELLAND*FRANK*D***MI*114782557~NM1*74*1******C*0098779B~NM1*82*1*LABERTEW*HOLLY***MA*XX*1023517125~MOA***N425~REF*CE*IA DUAL INSTITUTIONALIZED LTC~DTM*232*20190116~DTM*233*20190116~DTM*050*20190301~AMT*AU*254.1~SVC*HC:G0408*339*0~DTM*472*20190116~CAS*CO*96*84.9~CAS*OA*23*254.1~REF*LU*M1~REF*6R*CX108100X65029.001~AMT*B6*254.1~LQ*HE*N425~CLP*CX107758X1*2*253*0**MC*19C282989401*02*1~NM1*QC*1*GORDON*MARLENE*K***MI*114810707~NM1*74*1******C*0097454C~NM1*82*1*LABERTEW*HOLLY***MA*XX*1023517125~MOA***N425~REF*CE*IA DUAL INSTITUTIONALIZED LTC~DTM*232*20190103~DTM*233*20190103~DTM*050*20190301~AMT*AU*193.82~SVC*HC:G0407*253*0~DTM*472*20190103~CAS*CO*96*59.18~CAS*OA*23*193.82~REF*LU*M1~REF*6R*CX107758X65016.001~AMT*B6*193.82~LQ*HE*N425~CLP*CX122283X1*2*339*0**MC*19C646924901*02*1~NM1*QC*1*VOGEL*LAWRENCE*E***MI*109897917~NM1*74*1******C*3273881C~NM1*82*1*LABERTEW*HOLLY***MA*XX*1023517125~MOA***N425~REF*CE*IA DUAL INSTITUTIONALIZED LTC~DTM*232*20190222~DTM*233*20190222~DTM*050*20190309~SVC*HC:G0408*339*0~DTM*472*20190222~CAS*CO*96*339~REF*LU*M1~REF*6R*CX122283X65066.001~LQ*HE*N425~CLP*CX169217X1*2*339*0**MC*19F101578401*02*1~NM1*QC*1*EVANOVICH*DIANE****MI*114798198~NM1*74*1******C*2139398G~NM1*82*1*LABERTEW*HOLLY***MA*XX*1023517125~MOA***N425~REF*CE*IA DUAL INSTITUTIONALIZED LTC~DTM*232*20190429~DTM*233*20190429~DTM*050*20190511~SVC*HC:G0408*339*0~DTM*472*20190429~CAS*CO*96*339~REF*LU*M1~REF*6R*CX169217X65132.001~LQ*HE*N425~CLP*CX165013X1*2*339*0**MC*19F866675001*02*1~NM1*QC*1*KARWAL*MELODY*J***MI*114800514~NM1*74*1******C*0051333C~NM1*82*1*LABERTEW*HOLLY***MA*XX*1023517125~MOA***M15~REF*CE*IA DUAL INSTITUTIONALIZED LTC~DTM*232*20190329~DTM*233*20190329~DTM*050*20190531~SVC*HC:G0408*339*0~DTM*472*20190329~CAS*CO*97*339~REF*LU*M1~REF*6R*CX165013X65101.002~LQ*HE*M15~CLP*CX192451X1*2*339*0**MC*19G346596801*02*1~NM1*QC*1*SCHMIDT*BETTY*L***MI*111023049~NM1*74*1******C*1723383D~NM1*82*1*LABERTEW*HOLLY***MA*XX*1023517125~MOA***M15~REF*CE*IA DUAL INSTITUTIONALIZED LTC~DTM*232*20190528~DTM*233*20190528~DTM*050*20190612~SVC*HC:G0408*339*0~DTM*472*20190528~CAS*CO*97*339~REF*LU*M1~REF*6R*CX192451X65161.001~LQ*HE*M15~CLP*CX192475X1*2*339*0**MC*19G448183601*02*1~NM1*QC*1*SMITH*BETTY*J***MI*109797161~NM1*74*1******C*0758670D~NM1*82*1*LABERTEW*HOLLY***MA*XX*1023517125~MOA***M15~REF*CE*IA DUAL INSTITUTIONALIZED LTC~DTM*232*20190528~DTM*233*20190528~DTM*050*20190614~SVC*HC:G0408*339*0~DTM*472*20190528~CAS*CO*97*339~REF*LU*M1~REF*6R*CX192475X65161.001~LQ*HE*M15~CLP*CX199587X1*2*339*0**MC*19G725861801*02*1~NM1*QC*1*KRAMER*KATRINA****MI*109816779~NM1*74*1******C*1035300E~NM1*82*1*LABERTEW*HOLLY***MA*XX*1023517125~MOA***M15~REF*CE*IA DUAL INSTITUTIONALIZED LTC~DTM*232*20190606~DTM*233*20190606~DTM*050*20190621~SVC*HC:G0408*339*0~DTM*472*20190606~CAS*CO*97*339~REF*LU*M1~REF*6R*CX199587X65170.001~LQ*HE*M15~CLP*CX200674X1*2*339*0**MC*19G844104901*02*1~NM1*QC*1*GROSS*AQUINATA****MI*117550546~NM1*74*1******C*3850146C~NM1*82*1*LABERTEW*HOLLY***MA*XX*1023517125~MOA***N425~REF*CE*IA DUAL INSTITUTIONALIZED LTC~DTM*232*20190610~DTM*233*20190610~DTM*050*20190625~SVC*HC:G0408*339*0~DTM*472*20190610~CAS*CO*96*339~REF*LU*M1~REF*6R*CX200674X65174.001~LQ*HE*N425~CLP*CX220785X1*2*339*0**MC*19H450496401*02*1~NM1*QC*1*SCHMIDT*BETTY*L***MI*111023049~NM1*74*1******C*1723383D~NM1*82*1*LABERTEW*HOLLY***MA*XX*1023517125~MOA***M15~REF*CE*IA DUAL INSTITUTIONALIZED LTC~DTM*232*20190626~DTM*233*20190626~DTM*050*20190711~SVC*HC:G0408*339*0~DTM*472*20190626~CAS*CO*97*339~REF*LU*M1~REF*6R*CX220785X65190.001~LQ*HE*M15~CLP*CX209963X1*2*339*0**MC*19H541954101*02*1~NM1*QC*1*SMITH*BETTY*J***MI*109797161~NM1*74*1******C*0758670D~NM1*82*1*LABERTEW*HOLLY***MA*XX*1023517125~MOA***M15~REF*CE*IA DUAL INSTITUTIONALIZED LTC~DTM*232*20190624~DTM*233*20190624~DTM*050*20190713~SVC*HC:G0408*339*0~DTM*472*20190624~CAS*CO*97*339~REF*LU*M1~REF*6R*CX209963X65188.001~LQ*HE*M15~SE*207*0002~ST*835*0003~BPR*I*102.69*C*ACH*CCP*01*121000248*DA*4122162225*1431361841*000095378*01*211871691*DA*789290156*20200716~TRN*1*2020071515000562*1431361841*000095378~REF*EV*BFT220003440~REF*F2*1333~DTM*405*20200713~N1*PR*UNITEDHEALTHCARE OF THE MIDWEST INC DUAL*XV*95378~N3*IOWA*PO BOX 7550~N4*PHOENIX*AZ*850117550~REF*2U*95378~PER*CX*PROVIDER CUSTOMER SERVICE*TE*8443686883~PER*BL*UHC ESOLUTIONS COMMUNITY HEALTHPLAN*TE*8002108315*EM*AC_EDI_OPS@UHC.COM~N1*PE*MEDITELECARE OF IOWA LLC*XX*1386146678~N3*400 EAST COURT AVE SUITE 110~N4*DES MOINES*IA*50309~REF*TJ*824615184~LX*1~TS3*006840890002*11*20201231*3*220~CLP*1516758571*22*-180*0**HM*20E097269100*02*1~NM1*QC*1*VANROEKEL*DONALD*G***MI*116972436~MOA***N289~REF*CE*IA UNITEDHEALTHCARE DUAL COMPL~DTM*232*20200427~DTM*233*20200427~DTM*050*20200501~SVC*HC:90832:GT*-180*0~DTM*472*20200427~CAS*CO*16*-180~REF*LU*M1~REF*6R*4961516758571~LQ*HE*N289~CLP*11341258225*1*280*64.69**HM*20G076201700*02*1~NM1*QC*1*MITCHELL*GRETCHEN*N***MI*117731631~NM1*82*1*SOUZA*KIMBERLY***NP*XX*1902200645~REF*CE*IA UNITEDHEALTHCARE DUAL COMPL~DTM*232*20200702~DTM*233*20200702~DTM*050*20200708~AMT*AU*64.69~SVC*HC:99214*280*64.69~DTM*472*20200702~CAS*CO*45*215.31~REF*LU*M1~REF*6R*47011341258225~AMT*B6*64.69~CLP*11341259339*1*120*38**HM*20G076202900*11*1~NM1*QC*1*MITCHELL*GRETCHEN*N***MI*117731631~NM1*82*1*SOUZA*KIMBERLY***NP*XX*1902200645~REF*CE*IA UNITEDHEALTHCARE DUAL COMPL~DTM*232*20200612~DTM*233*20200612~DTM*050*20200708~AMT*AU*38~SVC*HC:99484*120*38~DTM*472*20200612~CAS*CO*45*82~REF*LU*M1~REF*6R*88211341259339~AMT*B6*38~SE*60*0003~ST*835*0004~BPR*I*61.93*C*ACH*CCP*01*121000248*DA*4122162225*1431361841*000095378*01*211871691*DA*789290156*20200716~TRN*1*2020071515000561*1431361841*000095378~REF*EV*BFT220003440~REF*F2*1333~DTM*405*20200713~N1*PR*UNITEDHEALTHCARE OF THE MIDWEST INC DUAL*XV*95378~N3*IOWA*PO BOX 7550~N4*PHOENIX*AZ*850117550~REF*2U*95378~PER*CX*PROVIDER CUSTOMER SERVICE*TE*8443686883~PER*BL*UHC ESOLUTIONS COMMUNITY HEALTHPLAN*TE*8002108315*EM*AC_EDI_OPS@UHC.COM~N1*PE*MEDITELECARE OF IOWA LLC*XX*1386146678~N3*400 EAST COURT AVE SUITE 110~N4*DES MOINES*IA*50309~REF*TJ*824615184~LX*1~TS3*006840890001*02*20201231*1*180~CLP*17229260999*1*180*61.93**HM*20G118514200*02*1~NM1*QC*1*BICE*JOLENE*K***MI*117398694~NM1*82*1*ROBBINS*VICKIE***PHD*XX*1417046962~REF*CE*IA UNITEDHEALTHCARE DUAL COMPL~DTM*232*20200706~DTM*233*20200706~DTM*050*20200709~AMT*AU*61.93~SVC*HC:90832*180*61.93~DTM*472*20200706~CAS*CO*45*118.07~REF*LU*M1~REF*6R*31517229260999~AMT*B6*61.93~SE*33*0004~ST*835*0005~BPR*H*0*C*NON************20200716~TRN*1*2020071512200679*1363379945*000095378~REF*EV*BFT220003440~REF*F2*1333~DTM*405*20200713~N1*PR*UNITEDHEALTHCARE PLAN OF THE RIVER VALLEY INC*XV*95378~N3*PO BOX 7550~N4*PHOENIX*AZ*850117550~REF*2U*95378~PER*CX*PROVIDER CUSTOMER SERVICE*TE*8777438731~PER*BL*UHC ESOLUTIONS COMMUNITY HEALTHPLAN*TE*8002108315*EM*AC_EDI_OPS@UHC.COM*UR*WWW.UNITEDHEALTHCAREONLINE.COM~N1*PE*MEDITELECARE OF IOWA LLC*XX*1386146678~N3*400 EAST COURT AVE SUITE 110~N4*DES MOINES*IA*50309~REF*TJ*824615184~LX*1~TS3*006840890001*02*20201231*20*-3896~CLP*CX81028X1*22*-253*-59.18**MC*19B176892500*02*1~NM1*QC*1*BURROUGHS*RUBY****MI*114712549~NM1*74*1******C*0925621G~NM1*82*1*LABERTEW*HOLLY***MA*XX*1023517125~REF*CE*IA DUAL INSTITUTIONALIZED LTC~DTM*232*20190102~DTM*233*20190102~DTM*050*20190131~SVC*HC:G0407*-253*-59.18~DTM*472*20190102~CAS*CO*45*-177.1~CAS*OA*23*-16.72~REF*LU*M1~AMT*B6*-75.9~CLP*CX108100X1*22*-339*-84.9**MC*19C278531300*02*1~NM1*QC*1*HELLAND*FRANK*D***MI*114782557~NM1*74*1******C*0098779B~NM1*82*1*LABERTEW*HOLLY***MA*XX*1023517125~REF*CE*IA DUAL INSTITUTIONALIZED LTC~DTM*232*20190116~DTM*233*20190116~DTM*050*20190301~SVC*HC:G0408*-339*-84.9~DTM*472*20190116~CAS*CO*45*-237.3~CAS*OA*23*-16.8~REF*LU*M1~REF*6R*CX108100X65029.001~AMT*B6*-101.7~CLP*CX107758X1*22*-253*-59.18**MC*19C282989400*02*1~NM1*QC*1*GORDON*MARLENE*K***MI*114810707~NM1*74*1******C*0097454C~NM1*82*1*LABERTEW*HOLLY***MA*XX*1023517125~REF*CE*IA DUAL INSTITUTIONALIZED LTC~DTM*232*20190103~DTM*233*20190103~DTM*050*20190301~SVC*HC:G0407*-253*-59.18~DTM*472*20190103~CAS*CO*45*-177.1~CAS*OA*23*-16.72~REF*LU*M1~REF*6R*CX107758X65016.001~AMT*B6*-75.9~CLP*CX108870X1*22*-253*-59.18**MC*19C284044600*02*1~NM1*QC*1*FERRICK*JOHN*A***MI*114755030~NM1*74*1******C*0480618H~NM1*82*1*STEGALL*SHARON*B**MS*XX*1447580816~REF*CE*IA DUAL INSTITUTIONALIZED LTC~DTM*232*20190122~DTM*233*20190122~DTM*050*20190301~SVC*HC:G0407*-253*-59.18~DTM*472*20190122~CAS*CO*45*-177.1~CAS*OA*23*-16.72~REF*LU*M1~REF*6R*CX108870X65035.001~AMT*B6*-75.9~CLP*CX108870X1*2*253*0**MC*19C284044601*02*1~NM1*QC*1*FERRICK*JOHN*A***MI*114755030~NM1*74*1******C*0480618H~NM1*82*1*STEGALL*SHARON*B**MS*XX*1447580816~MOA***N425~REF*CE*IA DUAL INSTITUTIONALIZED LTC~DTM*232*20190122~DTM*233*20190122~DTM*050*20190301~AMT*AU*193.82~SVC*HC:G0407*253*0~DTM*472*20190122~CAS*OA*23*193.82~CAS*CO*96*59.18~REF*LU*M1~REF*6R*CX108870X65035.001~AMT*B6*193.82~LQ*HE*N425~CLP*CX108963X1*22*-253*-59.18**MC*19C340260000*02*1~NM1*QC*1*ECKMAN*MARGUERIT****MI*111024605~NM1*74*1**MARGUERI****C*2338588B~NM1*82*1*STEGALL*SHARON*B**MS*XX*1447580816~REF*CE*IA DUAL INSTITUTIONALIZED LTC~DTM*232*20190116~DTM*233*20190116~DTM*050*20190302~SVC*HC:G0407*-253*-59.18~DTM*472*20190116~CAS*OA*23*-16.72~CAS*CO*45*-177.1~REF*LU*M1~REF*6R*CX108963X65029.001~AMT*B6*-75.9~CLP*CX108963X1*2*253*0**MC*19C340260001*02*1~NM1*QC*1*ECKMAN*MARGUERIT****MI*111024605~NM1*74*1**MARGUERI****C*2338588B~NM1*82*1*STEGALL*SHARON*B**MS*XX*1447580816~MOA***N425~REF*CE*IA DUAL INSTITUTIONALIZED LTC~DTM*232*20190116~DTM*233*20190116~DTM*050*20190302~AMT*AU*193.82~SVC*HC:G0407*253*0~DTM*472*20190116~CAS*CO*96*59.18~CAS*OA*23*193.82~REF*LU*M1~REF*6R*CX108963X65029.001~AMT*B6*193.82~LQ*HE*N425~CLP*CX122283X1*22*-339*-101.7**MC*19C646924900*02*1~NM1*QC*1*VOGEL*LAWRENCE*E***MI*109897917~NM1*74*1******C*3273881C~NM1*82*1*LABERTEW*HOLLY***MA*XX*1023517125~REF*CE*IA DUAL INSTITUTIONALIZED LTC~DTM*232*20190222~DTM*233*20190222~DTM*050*20190309~SVC*HC:G0408*-339*-101.7~DTM*472*20190222~CAS*CO*45*-237.3~REF*LU*M1~REF*6R*CX122283X65066.001~AMT*B6*-101.7~CLP*CX143276X1*22*-339*-101.7**MC*19D817128800*02*1~NM1*QC*1*SHORE*JOYCE*I***MI*114764892~NM1*74*1******C*0289090C~NM1*82*1*KRIEG*ERIN*N**NP*XX*1619379526~REF*CE*IA DUAL INSTITUTIONALIZED LTC~DTM*232*20190326~DTM*233*20190326~DTM*050*20190409~AMT*I*-.09~SVC*HC:G0408*-339*-101.7~DTM*472*20190326~CAS*CO*45*-237.3~REF*LU*M1~REF*6R*CX143276X65098.001~AMT*B6*-101.7~CLP*CX143276X1*2*339*0**MC*19D817128801*02*1~NM1*QC*1*SHORE*JOYCE*I***MI*114764892~NM1*74*1******C*0289090C~NM1*82*1*KRIEG*ERIN*N**NP*XX*1619379526~MOA***M15~REF*CE*IA DUAL INSTITUTIONALIZED LTC~DTM*232*20190326~DTM*233*20190326~DTM*050*20190409~SVC*HC:G0408*339*0~DTM*472*20190326~CAS*CO*97*339~REF*LU*M1~REF*6R*CX143276X65098.001~LQ*HE*M15~CLP*CX153894X1*22*-253*-75.9**MC*19E429126700*02*1~NM1*QC*1*SHORE*JOYCE*I***MI*114764892~NM1*74*1******C*0289090C~REF*CE*IA DUAL INSTITUTIONALIZED LTC~DTM*232*20190409~DTM*233*20190409~DTM*050*20190424~SVC*HC:G0407*-253*-75.9~DTM*472*20190409~CAS*CO*45*-177.1~REF*LU*M1~REF*6R*CX153894X65112.001~AMT*B6*-75.9~CLP*CX153894X1*2*253*0**MC*19E429126701*02*1~NM1*QC*1*SHORE*JOYCE*I***MI*114764892~NM1*74*1******C*0289090C~MOA***N425~REF*CE*IA DUAL INSTITUTIONALIZED LTC~DTM*232*20190409~DTM*233*20190409~DTM*050*20190424~SVC*HC:G0407*253*0~DTM*472*20190409~CAS*CO*96*253~REF*LU*M1~REF*6R*CX153894X65112.001~LQ*HE*N425~CLP*CX169217X1*22*-339*-101.7**MC*19F101578400*02*1~NM1*QC*1*EVANOVICH*DIANE****MI*114798198~NM1*74*1******C*2139398G~NM1*82*1*LABERTEW*HOLLY***MA*XX*1023517125~REF*CE*IA DUAL INSTITUTIONALIZED LTC~DTM*232*20190429~DTM*233*20190429~DTM*050*20190511~SVC*HC:G0408*-339*-101.7~DTM*472*20190429~CAS*CO*45*-237.3~REF*LU*M1~REF*6R*CX169217X65132.001~AMT*B6*-101.7~CLP*CX165013X1*22*-339*-101.7**MC*19F866675000*02*1~NM1*QC*1*KARWAL*MELODY*J***MI*114800514~NM1*74*1******C*0051333C~NM1*82*1*LABERTEW*HOLLY***MA*XX*1023517125~REF*CE*IA DUAL INSTITUTIONALIZED LTC~DTM*232*20190329~DTM*233*20190329~DTM*050*20190531~SVC*HC:G0408*-339*-101.7~DTM*472*20190329~CAS*CO*45*-237.3~REF*LU*M1~REF*6R*CX165013X65101.002~AMT*B6*-101.7~CLP*CX192451X1*22*-339*-101.7**MC*19G346596800*02*1~NM1*QC*1*SCHMIDT*BETTY*L***MI*111023049~NM1*74*1******C*1723383D~NM1*82*1*LABERTEW*HOLLY***MA*XX*1023517125~REF*CE*IA DUAL INSTITUTIONALIZED LTC~DTM*232*20190528~DTM*233*20190528~DTM*050*20190612~SVC*HC:G0408*-339*-101.7~DTM*472*20190528~CAS*CO*45*-237.3~REF*LU*M1~REF*6R*CX192451X65161.001~AMT*B6*-101.7~CLP*CX192475X1*22*-339*-101.7**MC*19G448183600*02*1~NM1*QC*1*SMITH*BETTY*J***MI*109797161~NM1*74*1******C*0758670D~NM1*82*1*LABERTEW*HOLLY***MA*XX*1023517125~REF*CE*IA DUAL INSTITUTIONALIZED LTC~DTM*232*20190528~DTM*233*20190528~DTM*050*20190614~SVC*HC:G0408*-339*-101.7~DTM*472*20190528~CAS*CO*45*-237.3~REF*LU*M1~REF*6R*CX192475X65161.001~AMT*B6*-101.7~CLP*CX199587X1*22*-339*-101.7**MC*19G725861800*02*1~NM1*QC*1*KRAMER*KATRINA****MI*109816779~NM1*74*1******C*1035300E~NM1*82*1*LABERTEW*HOLLY***MA*XX*1023517125~REF*CE*IA DUAL INSTITUTIONALIZED LTC~DTM*232*20190606~DTM*233*20190606~DTM*050*20190621~SVC*HC:G0408*-339*-101.7~DTM*472*20190606~CAS*CO*45*-237.3~REF*LU*M1~REF*6R*CX199587X65170.001~AMT*B6*-101.7~CLP*CX200674X1*22*-339*-101.7**MC*19G844104900*02*1~NM1*QC*1*GROSS*AQUINATA****MI*117550546~NM1*74*1******C*3850146C~NM1*82*1*LABERTEW*HOLLY***MA*XX*1023517125~REF*CE*IA DUAL INSTITUTIONALIZED LTC~DTM*232*20190610~DTM*233*20190610~DTM*050*20190625~SVC*HC:G0408*-339*-101.7~DTM*472*20190610~CAS*CO*45*-237.3~REF*LU*M1~REF*6R*CX200674X65174.001~AMT*B6*-101.7~CLP*CX220785X1*22*-339*-101.7**MC*19H450496400*02*1~NM1*QC*1*SCHMIDT*BETTY*L***MI*111023049~NM1*74*1******C*1723383D~NM1*82*1*LABERTEW*HOLLY***MA*XX*1023517125~REF*CE*IA DUAL INSTITUTIONALIZED LTC~DTM*232*20190626~DTM*233*20190626~DTM*050*20190711~SVC*HC:G0408*-339*-101.7~DTM*472*20190626~CAS*CO*45*-237.3~REF*LU*M1~REF*6R*CX220785X65190.001~AMT*B6*-101.7~CLP*CX209963X1*22*-339*-101.7**MC*19H541954100*02*1~NM1*QC*1*SMITH*BETTY*J***MI*109797161~NM1*74*1******C*0758670D~NM1*82*1*LABERTEW*HOLLY***MA*XX*1023517125~REF*CE*IA DUAL INSTITUTIONALIZED LTC~DTM*232*20190624~DTM*233*20190624~DTM*050*20190713~SVC*HC:G0408*-339*-101.7~DTM*472*20190624~CAS*CO*45*-237.3~REF*LU*M1~REF*6R*CX209963X65188.001~AMT*B6*-101.7~PLB*003322528003*20201231*FB:2020071512200679*-118.36~PLB*006846569001*20201231*FB:2020071512200679*-1118.56~PLB*006840890001*20201231*FB:2020071512200679*-75.9~PLB*005179030005*20201231*FB:2020071512200679*-101.79~PLB*006840890001*20201231*L6*.09~SE*317*0005~ST*835*0006~BPR*I*34*C*ACH*CCP*01*121000248*DA*4122162225*1942649097*000096385*01*211871691*DA*710057419*20200716~TRN*1*2020071513200686*1942649097*000096385~REF*EV*BFT220003440~REF*F2*1333~DTM*405*20200713~N1*PR*UNITED BEHAVIORAL HEALTH*XV*96385~N3*KANSAS*PO BOX 30760~N4*SALT LAKE CITY*UT*841300760~REF*2U*96385~PER*CX*PROVIDER CUSTOMER SERVICE*TE*8558027095~PER*BL*UHC ESOLUTIONS COMMUNITY HEALTHPLAN*TE*8002108315*EM*AC_EDI_OPS@UHC.COM*UR*WWW.UNITEDHEALTHCAREONLINE.COM~N1*PE*MEDITELECARE OF KANSAS LLC*XX*1083116628~N3*112 SW 7TH STREET SUITE 3C~N4*TOPEKA*KS*66603~REF*TJ*824589381~LX*1~TS3*006811973501*02*20201231*3*540~CLP*18025257245*2*180*34**MC*20G019913800*02*1~NM1*QC*1*PARKS*ALICE*A***MI*939368068~NM1*74*1******C*00110072338~NM1*PR*2*MEDICARE PART A   B*****PI*MCPARTA~REF*CE*KS LTC NON WAIVER~DTM*232*20200624~DTM*233*20200624~DTM*050*20200707~AMT*AU*34~SVC*HC:90832*180*34~DTM*472*20200624~CAS*CO*45*146~REF*LU*M1~REF*6R*42218025257245~AMT*B6*34~CLP*16972-147527*2*180*0**MC*20G059778600*02~NM1*QC*1*SCOTT*JOEL****MI*118931132~NM1*74*1******C*00103383416~NM1*PR*2*MEDICARE PART A   B*****PI*MCPARTA~REF*CE*KS LTC NON WAIVER~DTM*232*20200526~DTM*233*20200526~DTM*050*20200706~AMT*AU*180~SVC*HC:90832:GT*180*0~DTM*472*20200526~CAS*CO*197*34~CAS*OA*23*146~REF*LU*M1~AMT*B6*180~CLP*16637-49673*2*180*0**MC*20G061036900*02~NM1*QC*1*FUHRE*CAROLYN*A***MI*118124257~NM1*74*1******C*00110300581~NM1*PR*2*MEDICARE PART A   B*****PI*MCPARTA~REF*CE*KS LTC NON WAIVER~DTM*232*20200407~DTM*233*20200407~DTM*050*20200706~AMT*AU*174~SVC*HC:90832:GT*180*0~DTM*472*20200407~CAS*CO*197*34**45*6~CAS*OA*23*140~REF*LU*M1~AMT*B6*174~SE*64*0006~ST*835*0007~BPR*H*0*C*NON************20200716~TRN*1*2020071513800555*1431361841*000096385~REF*EV*BFT220003440~REF*F2*1333~DTM*405*20200713~N1*PR*UNITEDHEALTHCARE OF THE MIDWEST INC*XV*96385~N3*KANSAS*PO BOX 7550~N4*PHOENIX*AZ*850117550~REF*2U*96385~PER*CX*PROVIDER CUSTOMER SERVICE*TE*8775429235~PER*BL*UHC ESOLUTIONS COMMUNITY HEALTHPLAN*TE*8002108315*EM*AC_EDI_OPS@UHC.COM*UR*WWW.UNITEDHEALTHCAREONLINE.COM~N1*PE*MEDITELECARE OF KANSAS LLC*XX*1083116628~N3*112 SW 7TH STREET SUITE 3C~N4*TOPEKA*KS*66603~REF*TJ*824589381~LX*1~TS3*006811973501*11*20201231*1*120~CLP*16528259804*1*120*0**MC*20G060902400*11*1~NM1*QC*1*PFAFF*CEDRIC****MI*999999999~NM1*74*1******C*00110123079~NM1*82*1*TOLLEY*GLENNA*R**NP*XX*1720254816~REF*CE*KS LTC NON WAIVER~DTM*232*20200616~DTM*233*20200616~DTM*050*20200708~SVC*HC:99484*120*0~DTM*472*20200616~CAS*CO*197*5.74**45*114.26~REF*LU*M1~REF*6R*20216528259804~SE*32*0007~ST*835*0008~BPR*I*3375.48*C*ACH*CCP*01*051503394*DA*5270517317*1556000814**01*211871691*DA*238085246*20200713~TRN*1*MDGO4921952*1556000814~REF*F2*5.4~DTM*405*20200713~N1*PR*WEST VIRGINIA BUREAU FOR MEDICAL SERVICES~N3*PO BOX 2002*C O MOLINA MEDICAID SOLUTIONS~N4*CHARLESTON*WV*253272002~PER*CX*MOLINA MEDICAID SOLUTIONS*TE*8884830793*FX*3043483380~PER*BL*MOLINA MEDICAID SOLUTIONS*TE*8884830793*FX*3043483380~N1*PE*MEDITELECARE OF WEST VIRGINIA*XX*1235631888~N3*4242 MEDICAL DR STE 7100~N4*SAN ANTONIO*TX*78229~REF*TJ*824227033~REF*0B*9ALAY~LX*1~CLP*5876158231*1*280*76.12**MC*20168E001288*02~NM1*QC*1*FELTY*JEFFREY*A***MI*00401908063~NM1*82*1*ACOSTA*LESLIE****XX*1992191159~DTM*232*20200609~DTM*233*20200609~DTM*050*20200615~AMT*AU*76.12~SVC*HC:99214:SA:GT*280*76.12~CAS*CO*45*203.88~REF*6R*0075876158231~AMT*B6*76.12~CLP*17896159311*1*65*26.65**MC*20168E001289*11~NM1*QC*1*JONES*DEBORAH****MI*00900419949~NM1*82*1*KOZEE*HOLLY****XX*1467783159~DTM*232*20200610~DTM*233*20200610~DTM*050*20200615~AMT*AU*26.65~SVC*HC:Q3014:AH*65*26.65~CAS*CO*45*38.35~REF*6R*75517896159311~AMT*B6*26.65~CLP*5876158232*1*65*26.65**MC*20168E001302*11~NM1*QC*1*FELTY*JEFFREY*A***MI*00401908063~NM1*82*1*ACOSTA*LESLIE****XX*1992191159~DTM*232*20200609~DTM*233*20200609~DTM*050*20200615~AMT*AU*26.65~SVC*HC:Q3014:SA*65*26.65~CAS*CO*45*38.35~REF*6R*0085876158232~AMT*B6*26.65~CLP*7531158270*1*65*26.65**MC*20168E001322*11~NM1*QC*1*SHEPPARD*ETHEL*M***MI*00600225296~NM1*82*1*KOZEE*HOLLY****XX*1467783159~DTM*232*20200609~DTM*233*20200609~DTM*050*20200615~AMT*AU*26.65~SVC*HC:Q3014:AH*65*26.65~CAS*CO*45*38.35~REF*6R*0117531158270~AMT*B6*26.65~CLP*10844158377*1*280*76.12**MC*20168E001324*02~NM1*QC*1*BLANKENSHIP*EDDIE****MI*00500288565~NM1*82*1*ACOSTA*LESLIE****XX*1992191159~DTM*232*20200609~DTM*233*20200609~DTM*050*20200615~AMT*AU*76.12~SVC*HC:99214:SA:GT*280*76.12~CAS*CO*45*203.88~REF*6R*02010844158377~AMT*B6*76.12~CLP*10844158378*1*65*26.65**MC*20168E001338*11~NM1*QC*1*BLANKENSHIP*EDDIE****MI*00500288565~NM1*82*1*ACOSTA*LESLIE****XX*1992191159~DTM*232*20200609~DTM*233*20200609~DTM*050*20200615~AMT*AU*26.65~SVC*HC:Q3014:SA*65*26.65~CAS*CO*45*38.35~REF*6R*02110844158378~AMT*B6*26.65~CLP*16409158497*1*280*76.12**MC*20168E001349*02~NM1*QC*1*FOUCH*KELLY****MI*00901105570~NM1*82*1*ACOSTA*LESLIE****XX*1992191159~DTM*232*20200609~DTM*233*20200609~DTM*050*20200615~AMT*AU*76.12~SVC*HC:99214:SA:GT*280*76.12~CAS*CO*45*203.88~REF*6R*11416409158497~AMT*B6*76.12~CLP*16409158498*1*65*26.65**MC*20168E001354*11~NM1*QC*1*FOUCH*KELLY****MI*00901105570~NM1*82*1*ACOSTA*LESLIE****XX*1992191159~DTM*232*20200609~DTM*233*20200609~DTM*050*20200615~AMT*AU*26.65~SVC*HC:Q3014:SA*65*26.65~CAS*CO*45*38.35~REF*6R*11516409158498~AMT*B6*26.65~CLP*16468158504*1*280*76.12**MC*20168E001378*02~NM1*QC*1*LAWSON*CURTIS****MI*00100609486~NM1*82*1*ACOSTA*LESLIE****XX*1992191159~DTM*232*20200609~DTM*233*20200609~DTM*050*20200615~AMT*AU*76.12~SVC*HC:99214:SA:GT*280*76.12~CAS*CO*45*203.88~REF*6R*11616468158504~AMT*B6*76.12~CLP*16468158505*1*65*26.65**MC*20168E001384*11~NM1*QC*1*LAWSON*CURTIS****MI*00100609486~NM1*82*1*ACOSTA*LESLIE****XX*1992191159~DTM*232*20200609~DTM*233*20200609~DTM*050*20200615~AMT*AU*26.65~SVC*HC:Q3014:SA*65*26.65~CAS*CO*45*38.35~REF*6R*11716468158505~AMT*B6*26.65~CLP*17125158554*1*65*26.65**MC*20168E001408*11~NM1*QC*1*YENCHA*MARK****MI*00000034564~NM1*82*1*MORGES*WILFREDO****XX*1871007377~DTM*232*20200609~DTM*233*20200609~DTM*050*20200615~AMT*AU*26.65~SVC*HC:Q3014:SA*65*26.65~CAS*CO*45*38.35~REF*6R*16117125158554~AMT*B6*26.65~CLP*17125158555*1*280*76.12**MC*20168E001415*02~NM1*QC*1*YENCHA*MARK****MI*00000034564~NM1*82*1*MORGES*WILFREDO****XX*1871007377~DTM*232*20200609~DTM*233*20200609~DTM*050*20200615~AMT*AU*76.12~SVC*HC:99214:SA:GT*280*76.12~CAS*CO*45*203.88~REF*6R*16817125158555~AMT*B6*76.12~CLP*17168158579*1*65*26.65**MC*20168E001443*11~NM1*QC*1*SCARBERRY*ROY*A***MI*00000556875~NM1*82*1*MORGES*WILFREDO****XX*1871007377~DTM*232*20200609~DTM*233*20200609~DTM*050*20200615~AMT*AU*26.65~SVC*HC:Q3014:SA*65*26.65~CAS*CO*45*38.35~REF*6R*17717168158579~AMT*B6*26.65~CLP*17168158578*1*280*76.12**MC*20168E001444*02~NM1*QC*1*SCARBERRY*ROY*A***MI*00000556875~NM1*82*1*MORGES*WILFREDO****XX*1871007377~DTM*232*20200609~DTM*233*20200609~DTM*050*20200615~AMT*AU*76.12~SVC*HC:99214:SA:GT*280*76.12~CAS*CO*45*203.88~REF*6R*17217168158578~AMT*B6*76.12~CLP*17154158568*1*280*76.12**MC*20168E001484*02~NM1*QC*1*GEORGE*GARY****MI*00501204170~NM1*82*1*MORGES*WILFREDO****XX*1871007377~DTM*232*20200609~DTM*233*20200609~DTM*050*20200615~AMT*AU*76.12~SVC*HC:99214:SA:GT*280*76.12~CAS*CO*45*203.88~REF*6R*04117154158568~AMT*B6*76.12~CLP*17154158569*1*65*26.65**MC*20168E001510*11~NM1*QC*1*GEORGE*GARY****MI*00501204170~NM1*82*1*MORGES*WILFREDO****XX*1871007377~DTM*232*20200609~DTM*233*20200609~DTM*050*20200615~AMT*AU*26.65~SVC*HC:Q3014:SA*65*26.65~CAS*CO*45*38.35~REF*6R*04317154158569~AMT*B6*26.65~CLP*16652154377*1*65*26.65**MC*20168E014243*11~NM1*QC*1*SMITH*WILLIAM*L***MI*00205858170~NM1*82*1*MORGES*WILFREDO****XX*1871007377~DTM*232*20200605~DTM*233*20200605~DTM*050*20200616~AMT*AU*26.65~SVC*HC:Q3014:SA*65*26.65~CAS*CO*45*38.35~REF*6R*53516652154377~AMT*B6*26.65~CLP*17472154429*1*65*26.65**MC*20168E014244*11~NM1*QC*1*SINCLAIR*DEBRA*A***MI*00201856901~NM1*82*1*KOZEE*HOLLY****XX*1467783159~DTM*232*20200605~DTM*233*20200605~DTM*050*20200616~AMT*AU*26.65~SVC*HC:Q3014:AH*65*26.65~CAS*CO*45*38.35~REF*6R*64817472154429~AMT*B6*26.65~CLP*5310158897*1*280*76.12**MC*20168E014247*02~NM1*QC*1*BRINKLEY*LISA*D***MI*00400248714~NM1*82*1*ACOSTA*LESLIE****XX*1992191159~DTM*232*20200610~DTM*233*20200610~DTM*050*20200616~AMT*AU*76.12~SVC*HC:99214:SA:GT*280*76.12~CAS*CO*45*203.88~REF*6R*7295310158897~AMT*B6*76.12~CLP*13487159743*1*280*76.12**MC*20168E014249*02~NM1*QC*1*GUTIERREZ*TOMMY****MI*00300093213~NM1*82*1*MORGES*WILFREDO****XX*1871007377~DTM*232*20200611~DTM*233*20200611~DTM*050*20200616~AMT*AU*76.12~SVC*HC:99214:SA:GT*280*76.12~CAS*CO*45*203.88~REF*6R*92913487159743~AMT*B6*76.12~CLP*13487159744*1*65*26.65**MC*20168E014250*11~NM1*QC*1*GUTIERREZ*TOMMY****MI*00300093213~NM1*82*1*MORGES*WILFREDO****XX*1871007377~DTM*232*20200611~DTM*233*20200611~DTM*050*20200616~AMT*AU*26.65~SVC*HC:Q3014:SA*65*26.65~CAS*CO*45*38.35~REF*6R*80913487159744~AMT*B6*26.65~CLP*15123159816*1*65*26.65**MC*20168E014251*11~NM1*QC*1*MORGAN*BARBARA****MI*00505531504~NM1*82*1*KOZEE*HOLLY****XX*1467783159~DTM*232*20200611~DTM*233*20200611~DTM*050*20200616~AMT*AU*26.65~SVC*HC:Q3014:AH*65*26.65~CAS*CO*45*38.35~REF*6R*15015123159816~AMT*B6*26.65~CLP*15075159810*1*65*26.65**MC*20168E014252*11~NM1*QC*1*SPEAKMAN*THOMAS****MI*00405921746~NM1*82*1*WILKERSON*SABRINA****XX*1760789101~DTM*232*20200609~DTM*233*20200609~DTM*050*20200616~AMT*AU*26.65~SVC*HC:Q3014:SA*65*26.65~CAS*CO*45*38.35~REF*6R*86215075159810~AMT*B6*26.65~CLP*15075159811*1*280*76.12**MC*20168E014259*02~NM1*QC*1*SPEAKMAN*THOMAS****MI*00405921746~NM1*82*1*WILKERSON*SABRINA****XX*1760789101~DTM*232*20200609~DTM*233*20200609~DTM*050*20200616~AMT*AU*76.12~SVC*HC:99214:SA:GT*280*76.12~CAS*CO*45*203.88~REF*6R*86315075159811~AMT*B6*76.12~CLP*13501151690*1*65*26.65**MC*20168E014270*11~NM1*QC*1*BURNS*EDWARD*S***MI*00301116028~NM1*82*1*MORGES*WILFREDO****XX*1871007377~DTM*232*20200604~DTM*233*20200604~DTM*050*20200616~AMT*AU*26.65~SVC*HC:Q3014:SA*65*26.65~CAS*CO*45*38.35~REF*6R*72813501151690~AMT*B6*26.65~CLP*17697159976*1*65*26.65**MC*20168E014273*11~NM1*QC*1*LESTER*GENEVA*F***MI*00301449723~NM1*82*1*KOZEE*HOLLY****XX*1467783159~DTM*232*20200611~DTM*233*20200611~DTM*050*20200616~AMT*AU*26.65~SVC*HC:Q3014:AH*65*26.65~CAS*CO*45*38.35~REF*6R*05917697159976~AMT*B6*26.65~CLP*17415151872*1*65*26.65**MC*20168E014275*11~NM1*QC*1*WILLIAMS*DAVID*F***MI*00600130352~NM1*82*1*KOZEE*HOLLY****XX*1467783159~DTM*232*20200604~DTM*233*20200604~DTM*050*20200616~AMT*AU*26.65~SVC*HC:Q3014:AH*65*26.65~CAS*CO*45*38.35~REF*6R*77517415151872~AMT*B6*26.65~CLP*5480154077*1*280*76.12**MC*20168E014280*02~NM1*QC*1*CHEUVRONT*TINA****MI*00700109227~NM1*82*1*ACOSTA*LESLIE****XX*1992191159~DTM*232*20200605~DTM*233*20200605~DTM*050*20200616~AMT*AU*76.12~SVC*HC:99214:SA:GT*280*76.12~CAS*CO*45*203.88~REF*6R*1435480154077~AMT*B6*76.12~CLP*17896151920*1*65*26.65**MC*20168E014281*11~NM1*QC*1*JONES*DEBORAH****MI*00900419949~NM1*82*1*MORGES*WILFREDO****XX*1871007377~DTM*232*20200604~DTM*233*20200604~DTM*050*20200616~AMT*AU*26.65~SVC*HC:Q3014:SA*65*26.65~CAS*CO*45*38.35~REF*6R*77917896151920~AMT*B6*26.65~CLP*17973151933*1*65*26.65**MC*20168E014282*11~NM1*QC*1*FULLER*JOHN*G***MI*00905922600~NM1*82*1*KOZEE*HOLLY****XX*1467783159~DTM*232*20200604~DTM*233*20200604~DTM*050*20200616~AMT*AU*26.65~SVC*HC:Q3014:AH*65*26.65~CAS*CO*45*38.35~REF*6R*78117973151933~AMT*B6*26.65~CLP*5480154078*1*65*26.65**MC*20168E014283*11~NM1*QC*1*CHEUVRONT*TINA****MI*00700109227~NM1*82*1*ACOSTA*LESLIE****XX*1992191159~DTM*232*20200605~DTM*233*20200605~DTM*050*20200616~AMT*AU*26.65~SVC*HC:Q3014:SA*65*26.65~CAS*CO*45*38.35~REF*6R*1445480154078~AMT*B6*26.65~CLP*6096154094*1*280*76.12**MC*20168E014297*02~NM1*QC*1*DUDDING*AMY****MI*00400053437~NM1*82*1*ACOSTA*LESLIE****XX*1992191159~DTM*232*20200605~DTM*233*20200605~DTM*050*20200616~AMT*AU*76.12~SVC*HC:99214:SA:GT*280*76.12~CAS*CO*45*203.88~REF*6R*1646096154094~AMT*B6*76.12~CLP*6096154095*1*65*26.65**MC*20168E014300*11~NM1*QC*1*DUDDING*AMY****MI*00400053437~NM1*82*1*ACOSTA*LESLIE****XX*1992191159~DTM*232*20200605~DTM*233*20200605~DTM*050*20200616~AMT*AU*26.65~SVC*HC:Q3014:SA*65*26.65~CAS*CO*45*38.35~REF*6R*1706096154095~AMT*B6*26.65~CLP*14184154287*1*280*76.12**MC*20168E014303*02~NM1*QC*1*PRICE*MISTY****MI*00900497452~NM1*82*1*ACOSTA*LESLIE****XX*1992191159~DTM*232*20200605~DTM*233*20200605~DTM*050*20200616~AMT*AU*76.12~SVC*HC:99214:SA:GT*280*76.12~CAS*CO*45*203.88~REF*6R*35014184154287~AMT*B6*76.12~CLP*14184154288*1*65*26.65**MC*20168E014308*11~NM1*QC*1*PRICE*MISTY****MI*00900497452~NM1*82*1*ACOSTA*LESLIE****XX*1992191159~DTM*232*20200605~DTM*233*20200605~DTM*050*20200616~AMT*AU*26.65~SVC*HC:Q3014:SA*65*26.65~CAS*CO*45*38.35~REF*6R*35114184154288~AMT*B6*26.65~CLP*15105154324*1*65*26.65**MC*20168E014309*11~NM1*QC*1*FRAZIER*DAVID*A***MI*00404330748~NM1*82*1*KOZEE*HOLLY****XX*1467783159~DTM*232*20200605~DTM*233*20200605~DTM*050*20200616~AMT*AU*26.65~SVC*HC:Q3014:AH*65*26.65~CAS*CO*45*38.35~REF*6R*37015105154324~AMT*B6*26.65~CLP*15178154341*1*280*76.12**MC*20168E014314*02~NM1*QC*1*CLINE*GREGORY*J***MI*00700242197~NM1*82*1*ACOSTA*LESLIE****XX*1992191159~DTM*232*20200605~DTM*233*20200605~DTM*050*20200616~AMT*AU*76.12~SVC*HC:99214:SA:GT*280*76.12~CAS*CO*45*203.88~REF*6R*44015178154341~AMT*B6*76.12~CLP*15178154340*1*65*26.65**MC*20168E014315*11~NM1*QC*1*CLINE*GREGORY*J***MI*00700242197~NM1*82*1*ACOSTA*LESLIE****XX*1992191159~DTM*232*20200605~DTM*233*20200605~DTM*050*20200616~AMT*AU*26.65~SVC*HC:Q3014:SA*65*26.65~CAS*CO*45*38.35~REF*6R*43415178154340~AMT*B6*26.65~CLP*16652154376*1*280*76.12**MC*20168E014317*02~NM1*QC*1*SMITH*WILLIAM*L***MI*00205858170~NM1*82*1*MORGES*WILFREDO****XX*1871007377~DTM*232*20200605~DTM*233*20200605~DTM*050*20200616~AMT*AU*76.12~SVC*HC:99214:SA:GT*280*76.12~CAS*CO*45*203.88~REF*6R*53216652154376~AMT*B6*76.12~CLP*17531160437*1*65*26.65**MC*20169E001516*11~NM1*QC*1*LOFTUS*BRIAN*L***MI*00400130584~NM1*82*1*ACOSTA*LESLIE****XX*1992191159~DTM*232*20200612~DTM*233*20200612~DTM*050*20200617~AMT*AU*26.65~SVC*HC:Q3014:SA*65*26.65~CAS*CO*45*38.35~REF*6R*78417531160437~AMT*B6*26.65~CLP*17472160427*1*65*26.65**MC*20169E001518*11~NM1*QC*1*SINCLAIR*DEBRA*A***MI*00201856901~NM1*82*1*KOZEE*HOLLY****XX*1467783159~DTM*232*20200612~DTM*233*20200612~DTM*050*20200617~AMT*AU*26.65~SVC*HC:Q3014:AH*65*26.65~CAS*CO*45*38.35~REF*6R*77317472160427~AMT*B6*26.65~CLP*17943160451*1*280*76.12**MC*20169E001534*02~NM1*QC*1*HOLSTEIN*JANICE****MI*00500002305~NM1*82*1*ACOSTA*LESLIE****XX*1992191159~DTM*232*20200612~DTM*233*20200612~DTM*050*20200617~AMT*AU*76.12~SVC*HC:99214:SA:GT*280*76.12~CAS*CO*45*203.88~REF*6R*78817943160451~AMT*B6*76.12~CLP*17531160438*1*280*76.12**MC*20169E001537*02~NM1*QC*1*LOFTUS*BRIAN*L***MI*00400130584~NM1*82*1*ACOSTA*LESLIE****XX*1992191159~DTM*232*20200612~DTM*233*20200612~DTM*050*20200617~AMT*AU*76.12~SVC*HC:99214:SA:GT*280*76.12~CAS*CO*45*203.88~REF*6R*78517531160438~AMT*B6*76.12~CLP*17943160452*1*65*26.65**MC*20169E001541*11~NM1*QC*1*HOLSTEIN*JANICE****MI*00500002305~NM1*82*1*ACOSTA*LESLIE****XX*1992191159~DTM*232*20200612~DTM*233*20200612~DTM*050*20200617~AMT*AU*26.65~SVC*HC:Q3014:SA*65*26.65~CAS*CO*45*38.35~REF*6R*78917943160452~AMT*B6*26.65~CLP*1311514088*1*65*26.65**MC*20169E001550*11~NM1*QC*1*ARNETT*JAMES****MI*00100045681~NM1*82*1*MORGES*WILFREDO****XX*1871007377~DTM*232*20200129~DTM*233*20200129~DTM*050*20200617~AMT*AU*26.65~SVC*HC:Q3014:SA*65*26.65~CAS*CO*45*38.35~REF*6R*1131311514088~AMT*B6*26.65~CLP*15175160360*1*65*26.65**MC*20169E001561*11~NM1*QC*1*BELCHER*BILLY*D***MI*00700054576~NM1*82*1*ACOSTA*LESLIE****XX*1992191159~DTM*232*20200612~DTM*233*20200612~DTM*050*20200617~AMT*AU*26.65~SVC*HC:Q3014:SA*65*26.65~CAS*CO*45*38.35~REF*6R*75215175160360~AMT*B6*26.65~CLP*1311514089*1*280*74.76**MC*20169E001562*02~NM1*QC*1*ARNETT*JAMES****MI*00100045681~NM1*82*1*MORGES*WILFREDO****XX*1871007377~DTM*232*20200129~DTM*233*20200129~DTM*050*20200617~AMT*AU*74.76~SVC*HC:99214:SA*280*74.76~CAS*CO*45*205.24~REF*6R*1141311514089~AMT*B6*74.76~CLP*6454160197*1*65*26.65**MC*20169E001565*11~NM1*QC*1*JOHNSON*LINDA****MI*00800056228~NM1*82*1*ACOSTA*LESLIE****XX*1992191159~DTM*232*20200612~DTM*233*20200612~DTM*050*20200617~AMT*AU*26.65~SVC*HC:Q3014:SA*65*26.65~CAS*CO*45*38.35~REF*6R*6916454160197~AMT*B6*26.65~CLP*6454160198*1*280*76.12**MC*20169E001566*02~NM1*QC*1*JOHNSON*LINDA****MI*00800056228~NM1*82*1*ACOSTA*LESLIE****XX*1992191159~DTM*232*20200612~DTM*233*20200612~DTM*050*20200617~AMT*AU*76.12~SVC*HC:99214:SA:GT*280*76.12~CAS*CO*45*203.88~REF*6R*6926454160198~AMT*B6*76.12~CLP*15105160353*1*65*26.65**MC*20169E001569*11~NM1*QC*1*FRAZIER*DAVID*A***MI*00404330748~NM1*82*1*KOZEE*HOLLY****XX*1467783159~DTM*232*20200612~DTM*233*20200612~DTM*050*20200617~AMT*AU*26.65~SVC*HC:Q3014:AH*65*26.65~CAS*CO*45*38.35~REF*6R*74815105160353~AMT*B6*26.65~CLP*15175160361*1*280*76.12**MC*20169E001572*02~NM1*QC*1*BELCHER*BILLY*D***MI*00700054576~NM1*82*1*ACOSTA*LESLIE****XX*1992191159~DTM*232*20200612~DTM*233*20200612~DTM*050*20200617~AMT*AU*76.12~SVC*HC:99214:SA:GT*280*76.12~CAS*CO*45*203.88~REF*6R*75315175160361~AMT*B6*76.12~CLP*15280172700*1*280*76.12**MC*20170E000805*02~NM1*QC*1*JOHNSON*TINEY****MI*00800283953~NM1*82*1*MORGES*WILFREDO****XX*1871007377~DTM*232*20200615~DTM*233*20200615~DTM*050*20200618~AMT*AU*76.12~SVC*HC:99214:SA:GT*280*76.12~CAS*CO*45*203.88~REF*6R*43115280172700~AMT*B6*76.12~CLP*17697172823*1*65*26.65**MC*20170E000813*11~NM1*QC*1*LESTER*GENEVA*F***MI*00301449723~NM1*82*1*WILKERSON*SABRINA****XX*1760789101~DTM*232*20200611~DTM*233*20200611~DTM*050*20200618~AMT*AU*26.65~SVC*HC:Q3014:SA*65*26.65~CAS*CO*45*38.35~REF*6R*47117697172823~AMT*B6*26.65~CLP*18149172864*1*65*26.65**MC*20170E000817*11~NM1*QC*1*TAYLOR*MELISSA****MI*00703338839~NM1*82*1*MORGES*WILFREDO****XX*1871007377~DTM*232*20200615~DTM*233*20200615~DTM*050*20200618~AMT*AU*26.65~SVC*HC:Q3014:SA*65*26.65~CAS*CO*45*38.35~REF*6R*50318149172864~AMT*B6*26.65~CLP*17697172824*1*280*76.12**MC*20170E000819*02~NM1*QC*1*LESTER*GENEVA*F***MI*00301449723~NM1*82*1*WILKERSON*SABRINA****XX*1760789101~DTM*232*20200611~DTM*233*20200611~DTM*050*20200618~AMT*AU*76.12~SVC*HC:99214:SA:GT*280*76.12~CAS*CO*45*203.88~REF*6R*47217697172824~AMT*B6*76.12~CLP*18149172865*1*280*76.12**MC*20170E000824*02~NM1*QC*1*TAYLOR*MELISSA****MI*00703338839~NM1*82*1*MORGES*WILFREDO****XX*1871007377~DTM*232*20200615~DTM*233*20200615~DTM*050*20200618~AMT*AU*76.12~SVC*HC:99214:SA:GT*280*76.12~CAS*CO*45*203.88~REF*6R*50418149172865~AMT*B6*76.12~CLP*15123172672*1*280*76.12**MC*20170E000846*02~NM1*QC*1*MORGAN*BARBARA****MI*00505531504~NM1*82*1*WILKERSON*SABRINA****XX*1760789101~DTM*232*20200611~DTM*233*20200611~DTM*050*20200618~AMT*AU*76.12~SVC*HC:99214:SA:GT*280*76.12~CAS*CO*45*203.88~REF*6R*42515123172672~AMT*B6*76.12~CLP*15123172671*1*65*26.65**MC*20170E000848*11~NM1*QC*1*MORGAN*BARBARA****MI*00505531504~NM1*82*1*WILKERSON*SABRINA****XX*1760789101~DTM*232*20200611~DTM*233*20200611~DTM*050*20200618~AMT*AU*26.65~SVC*HC:Q3014:SA*65*26.65~CAS*CO*45*38.35~REF*6R*42215123172671~AMT*B6*26.65~CLP*15233172692*1*280*76.12**MC*20170E000853*02~NM1*QC*1*SALMONS*LANA*J***MI*00600201075~NM1*82*1*WILKERSON*SABRINA****XX*1760789101~DTM*232*20200611~DTM*233*20200611~DTM*050*20200618~AMT*AU*76.12~SVC*HC:99214:SA:GT*280*76.12~CAS*CO*45*203.88~REF*6R*42815233172692~AMT*B6*76.12~CLP*15233172693*1*65*26.65**MC*20170E000857*11~NM1*QC*1*SALMONS*LANA*J***MI*00600201075~NM1*82*1*WILKERSON*SABRINA****XX*1760789101~DTM*232*20200611~DTM*233*20200611~DTM*050*20200618~AMT*AU*26.65~SVC*HC:Q3014:SA*65*26.65~CAS*CO*45*38.35~REF*6R*42915233172693~AMT*B6*26.65~CLP*15280172701*1*65*26.65**MC*20170E000858*11~NM1*QC*1*JOHNSON*TINEY****MI*00800283953~NM1*82*1*MORGES*WILFREDO****XX*1871007377~DTM*232*20200615~DTM*233*20200615~DTM*050*20200618~AMT*AU*26.65~SVC*HC:Q3014:SA*65*26.65~CAS*CO*45*38.35~REF*6R*43215280172701~AMT*B6*26.65~CLP*17221172766*1*65*26.65**MC*20170E000860*11~NM1*QC*1*TICKLE*CHARLENE****MI*00300291383~NM1*82*1*WILKERSON*SABRINA****XX*1760789101~DTM*232*20200611~DTM*233*20200611~DTM*050*20200618~AMT*AU*26.65~SVC*HC:Q3014:SA*65*26.65~CAS*CO*45*38.35~REF*6R*45417221172766~AMT*B6*26.65~CLP*15298172706*1*65*26.65**MC*20170E000861*11~NM1*QC*1*SAPORITO*SUSAN****MI*00400183194~NM1*82*1*MORGES*WILFREDO****XX*1871007377~DTM*232*20200615~DTM*233*20200615~DTM*050*20200618~AMT*AU*26.65~SVC*HC:Q3014:SA*65*26.65~CAS*CO*45*38.35~REF*6R*43315298172706~AMT*B6*26.65~CLP*17221172765*1*280*76.12**MC*20170E000862*02~NM1*QC*1*TICKLE*CHARLENE****MI*00300291383~NM1*82*1*WILKERSON*SABRINA****XX*1760789101~DTM*232*20200611~DTM*233*20200611~DTM*050*20200618~AMT*AU*76.12~SVC*HC:99214:SA:GT*280*76.12~CAS*CO*45*203.88~REF*6R*45317221172765~AMT*B6*76.12~CLP*15298172707*1*280*76.12**MC*20170E000865*02~NM1*QC*1*SAPORITO*SUSAN****MI*00400183194~NM1*82*1*MORGES*WILFREDO****XX*1871007377~DTM*232*20200615~DTM*233*20200615~DTM*050*20200618~AMT*AU*76.12~SVC*HC:99214:SA:GT*280*76.12~CAS*CO*45*203.88~REF*6R*43415298172707~AMT*B6*76.12~CLP*18171148325*2*370*2.15**MC*20171E002690*02~NM1*QC*1*SNODGRASS*ROBERT****MI*00000296440~NM1*82*1*KOZEE*HOLLY****XX*1467783159~DTM*232*20200527~DTM*233*20200527~DTM*050*20200612~AMT*AU*103.37~SVC*HC:90791:GT*370*2.15~CAS*OA*23*344.7~CAS*CO*45*23.15~REF*6R*74318171148325~AMT*B6*103.37~CLP*15343150506*2*65*5.33**MC*20171E009697*11~NM1*QC*1*HODGE*POLLY****MI*00103963664~NM1*82*1*KOZEE*HOLLY****XX*1467783159~DTM*232*20200602~DTM*233*20200602~DTM*050*20200612~AMT*AU*26.65~SVC*HC:Q3014*65*5.33~CAS*OA*23*59.67~REF*6R*87715343150506~AMT*B6*26.65~CLP*15343148128*2*65*5.33**MC*20171E009833*11~NM1*QC*1*HODGE*POLLY****MI*00103963664~NM1*82*1*WILKERSON*SABRINA****XX*1760789101~DTM*232*20200525~DTM*233*20200525~DTM*050*20200612~AMT*AU*26.65~SVC*HC:Q3014*65*5.33~CAS*OA*23*59.67~REF*6R*72415343148128~AMT*B6*26.65~CLP*15343150507*2*65*5.33**MC*20171E009905*11~NM1*QC*1*HODGE*POLLY****MI*00103963664~NM1*82*1*WILKERSON*SABRINA****XX*1760789101~DTM*232*20200601~DTM*233*20200601~DTM*050*20200612~AMT*AU*26.65~SVC*HC:Q3014*65*5.33~CAS*OA*23*59.67~REF*6R*87815343150507~AMT*B6*26.65~CLP*15343147488*2*65*5.33**MC*20171E010230*11~NM1*QC*1*HODGE*POLLY****MI*00103963664~NM1*82*1*KOZEE*HOLLY****XX*1467783159~DTM*232*20200526~DTM*233*20200526~DTM*050*20200612~AMT*AU*26.65~SVC*HC:Q3014*65*5.33~CAS*OA*23*59.67~REF*6R*25615343147488~AMT*B6*26.65~CLP*7290146583*2*65*5.33**MC*20171E010308*11~NM1*QC*1*RAY*LAURA****MI*00102596688~NM1*82*1*ACOSTA*LESLIE****XX*1992191159~DTM*232*20200522~DTM*233*20200522~DTM*050*20200612~AMT*AU*26.65~SVC*HC:Q3014*65*5.33~CAS*OA*23*59.67~REF*6R*7797290146583~AMT*B6*26.65~CLP*1717228469*2*185*6.14**MC*20171E010691*02~NM1*QC*1*SEAGRAVES*BETTY****MI*00503284501~NM1*82*1*MORGES*WILFREDO****XX*1871007377~DTM*232*20200224~DTM*233*20200224~DTM*050*20200615~AMT*AU*53.51~SVC*HC:G0407*185*6.14~CAS*OA*23*172.92~CAS*CO*45*5.94~REF*6R*3631717228469~AMT*B6*53.51~LQ*HE*N245~CLP*13718142076*2*120*3.89**MC*20171E014710*11~NM1*QC*1*MAYLE*GEORGE*M***MI*00600137356~NM1*82*1*MORGES*WILFREDO****XX*1871007377~DTM*232*20200421~DTM*233*20200421~DTM*050*20200616~AMT*AU*33.87~SVC*HC:99484*120*3.89~CAS*OA*23*112.35~CAS*CO*45*3.76~REF*6R*56313718142076~AMT*B6*33.87~LQ*HE*N245~CLP*15313142307*2*120*3.89**MC*20171E014818*11~NM1*QC*1*WILLIAMS*ROSALIE****MI*00501810852~NM1*82*1*MORGES*WILFREDO****XX*1871007377~DTM*232*20200421~DTM*233*20200421~DTM*050*20200616~AMT*AU*33.87~SVC*HC:99484*120*3.89~CAS*OA*23*112.35~CAS*CO*45*3.76~REF*6R*61815313142307~AMT*B6*33.87~LQ*HE*N245~CLP*13493142062*2*120*3.89**MC*20171E014860*11~NM1*QC*1*DOTSON*EDWARD****MI*00200485012~NM1*82*1*MORGES*WILFREDO****XX*1871007377~DTM*232*20200415~DTM*233*20200415~DTM*050*20200616~AMT*AU*33.87~SVC*HC:99484*120*3.89~CAS*OA*23*112.35~CAS*CO*45*3.76~REF*6R*55213493142062~AMT*B6*33.87~LQ*HE*N245~CLP*14833142198*2*120*3.89**MC*20171E014960*11~NM1*QC*1*YOST*DORIS****MI*00400430651~NM1*82*1*MORGES*WILFREDO****XX*1871007377~DTM*232*20200421~DTM*233*20200421~DTM*050*20200616~AMT*AU*33.87~SVC*HC:99484*120*3.89~CAS*OA*23*112.35~CAS*CO*45*3.76~REF*6R*61114833142198~AMT*B6*33.87~LQ*HE*N245~CLP*13625142071*2*120*3.89**MC*20171E014968*11~NM1*QC*1*FREEMAN*SUSAN*E***MI*00400361484~NM1*82*1*MORGES*WILFREDO****XX*1871007377~DTM*232*20200408~DTM*233*20200408~DTM*050*20200616~AMT*AU*33.87~SVC*HC:99484*120*3.89~CAS*OA*23*112.35~CAS*CO*45*3.76~REF*6R*56013625142071~AMT*B6*33.87~LQ*HE*N245~CLP*13471142057*2*120*3.89**MC*20171E014997*11~NM1*QC*1*DAVIS*EVELYN****MI*00900346099~NM1*82*1*MORGES*WILFREDO****XX*1871007377~DTM*232*20200414~DTM*233*20200414~DTM*050*20200616~AMT*AU*33.87~SVC*HC:99484*120*3.89~CAS*OA*23*112.35~CAS*CO*45*3.76~REF*6R*54213471142057~AMT*B6*33.87~LQ*HE*N245~CLP*13346142051*2*120*3.89**MC*20171E015042*11~NM1*QC*1*DRASS*ANNA****MI*00304941736~NM1*82*1*MORGES*WILFREDO****XX*1871007377~DTM*232*20200407~DTM*233*20200407~DTM*050*20200616~AMT*AU*33.87~SVC*HC:99484*120*3.89~CAS*OA*23*112.35~CAS*CO*45*3.76~REF*6R*52313346142051~AMT*B6*33.87~LQ*HE*N245~CLP*1373194238*1*210*68.02**MC*20171E015172*02~NM1*QC*1*BROWN*CLIFFORD****MI*00100248291~NM1*82*1*KOZEE*HOLLY****XX*1467783159~DTM*232*20190927~DTM*233*20190927~DTM*050*20200616~AMT*AU*68.02~SVC*HC:96116*210*68.02~CAS*CO*45*141.98~REF*6R*1091373194238~AMT*B6*68.02~CLP*14112142135*2*120*3.89**MC*20171E015192*11~NM1*QC*1*LEONARD*PAULINE****MI*00000314760~NM1*82*1*MORGES*WILFREDO****XX*1871007377~DTM*232*20200421~DTM*233*20200421~DTM*050*20200616~AMT*AU*33.87~SVC*HC:99484*120*3.89~CAS*OA*23*112.35~CAS*CO*45*3.76~REF*6R*59114112142135~AMT*B6*33.87~LQ*HE*N245~CLP*13309142048*2*120*3.89**MC*20171E015193*11~NM1*QC*1*HAUGHT*REBECCA*K***MI*00300485993~NM1*82*1*MORGES*WILFREDO****XX*1871007377~DTM*232*20200407~DTM*233*20200407~DTM*050*20200616~AMT*AU*33.87~SVC*HC:99484*120*3.89~CAS*OA*23*112.35~CAS*CO*45*3.76~REF*6R*51313309142048~AMT*B6*33.87~LQ*HE*N245~CLP*13651142073*2*120*3.89**MC*20171E015195*11~NM1*QC*1*MORTON*CAROLYN****MI*00306052631~NM1*82*1*MORGES*WILFREDO****XX*1871007377~DTM*232*20200427~DTM*233*20200427~DTM*050*20200616~AMT*AU*33.87~SVC*HC:99484*120*3.89~CAS*OA*23*112.35~CAS*CO*45*3.76~REF*6R*56113651142073~AMT*B6*33.87~LQ*HE*N245~CLP*13485142060*2*120*3.89**MC*20171E015247*11~NM1*QC*1*KENNEDY*JUDITH****MI*00001834835~NM1*82*1*MORGES*WILFREDO****XX*1871007377~DTM*232*20200421~DTM*233*20200421~DTM*050*20200616~AMT*AU*33.87~SVC*HC:99484*120*3.89~CAS*OA*23*112.35~CAS*CO*45*3.76~REF*6R*54713485142060~AMT*B6*33.87~LQ*HE*N245~CLP*13507142064*2*120*3.89**MC*20171E015312*11~NM1*QC*1*STUMP*IRIS*R***MI*00504733069~NM1*82*1*MORGES*WILFREDO****XX*1871007377~DTM*232*20200421~DTM*233*20200421~DTM*050*20200616~AMT*AU*33.87~SVC*HC:99484*120*3.89~CAS*OA*23*112.35~CAS*CO*45*3.76~REF*6R*55813507142064~AMT*B6*33.87~LQ*HE*N245~CLP*13131142023*2*120*3.89**MC*20171E015316*11~NM1*QC*1*DOLAN*ROSE*M***MI*00100161941~NM1*82*1*MORGES*WILFREDO****XX*1871007377~DTM*232*20200408~DTM*233*20200408~DTM*050*20200616~AMT*AU*33.87~SVC*HC:99484*120*3.89~CAS*OA*23*112.35~CAS*CO*45*3.76~REF*6R*47413131142023~AMT*B6*33.87~LQ*HE*N245~CLP*15069142233*2*120*3.89**MC*20171E015321*11~NM1*QC*1*ZOPFI*WILLA*J***MI*00405696034~NM1*82*1*MORGES*WILFREDO****XX*1871007377~DTM*232*20200421~DTM*233*20200421~DTM*050*20200616~AMT*AU*33.87~SVC*HC:99484*120*3.89~CAS*OA*23*112.35~CAS*CO*45*3.76~REF*6R*61515069142233~AMT*B6*33.87~LQ*HE*N245~CLP*1348993702*1*210*68.02**MC*20171E015383*02~NM1*QC*1*VAUGHN*DEBORAH****MI*00001370975~NM1*82*1*KOZEE*HOLLY****XX*1467783159~DTM*232*20190927~DTM*233*20190927~DTM*050*20200616~AMT*AU*68.02~SVC*HC:96116*210*68.02~CAS*CO*45*141.98~REF*6R*0921348993702~AMT*B6*68.02~CLP*15314142308*2*120*3.89**MC*20171E015483*11~NM1*QC*1*WILLIAMSON*LARRY*K***MI*00701633432~NM1*82*1*MORGES*WILFREDO****XX*1871007377~DTM*232*20200421~DTM*233*20200421~DTM*050*20200616~AMT*AU*33.87~SVC*HC:99484*120*3.89~CAS*OA*23*112.35~CAS*CO*45*3.76~REF*6R*62015314142308~AMT*B6*33.87~LQ*HE*N245~CLP*1372994218*1*210*68.02**MC*20171E015588*02~NM1*QC*1*AARON*AUSTIN*C***MI*00202442424~NM1*82*1*KOZEE*HOLLY****XX*1467783159~DTM*232*20190927~DTM*233*20190927~DTM*050*20200616~AMT*AU*68.02~SVC*HC:96116*210*68.02~CAS*CO*45*141.98~REF*6R*1071372994218~AMT*B6*68.02~CLP*15342142317*2*120*3.85**MC*20171E016514*11~NM1*QC*1*WOOTEN*AMANDA****MI*00101106588~NM1*82*1*WILKERSON*SABRINA****XX*1760789101~DTM*232*20200415~DTM*233*20200415~DTM*050*20200616~AMT*AU*34.19~SVC*HC:99484*120*3.85~CAS*OA*23*112.35~CAS*CO*45*3.8~REF*6R*62115342142317~AMT*B6*34.19~LQ*HE*N245~CLP*17417142635*2*120*3.85**MC*20171E016654*11~NM1*QC*1*YOUNG*BETTY****MI*00900561662~NM1*82*1*WILKERSON*SABRINA****XX*1760789101~DTM*232*20200415~DTM*233*20200415~DTM*050*20200616~AMT*AU*34.19~SVC*HC:99484*120*3.85~CAS*OA*23*112.35~CAS*CO*45*3.8~REF*6R*63117417142635~AMT*B6*34.19~LQ*HE*N245~CLP*17416142634*2*120*3.85**MC*20171E016904*11~NM1*QC*1*WORKMAN*WILLIAM****MI*00701584072~NM1*82*1*WILKERSON*SABRINA****XX*1760789101~DTM*232*20200415~DTM*233*20200415~DTM*050*20200616~AMT*AU*34.19~SVC*HC:99484*120*3.85~CAS*OA*23*112.35~CAS*CO*45*3.8~REF*6R*63017416142634~AMT*B6*34.19~LQ*HE*N245~CLP*17472175266*1*180*0**MC*20176E001228*02~NM1*QC*1*SINCLAIR*DEBRA*A***MI*00201856901~NM1*82*1*KOZEE*HOLLY****XX*1467783159~DTM*232*20200619~DTM*233*20200619~DTM*050*20200624~AMT*AU*50.48~SVC*HC:90832:AH:GT*180*0~CAS*CO*197*50.48**45*129.52~REF*6R*88717472175266~AMT*B6*50.48~CLP*15105175181*1*180*0**MC*20176E001312*02~NM1*QC*1*FRAZIER*DAVID*A***MI*00404330748~NM1*82*1*KOZEE*HOLLY****XX*1467783159~DTM*232*20200619~DTM*233*20200619~DTM*050*20200624~AMT*AU*50.48~SVC*HC:90832:AH:GT*180*0~CAS*CO*197*50.48**45*129.52~REF*6R*88115105175181~AMT*B6*50.48~CLP*151617520*1*180*0**MC*20177E003184*02~NM1*QC*1*BOWLES*MICHAEL****MI*00501329457~NM1*82*1*STORY*DEBORAH****XX*1093909145~DTM*232*20200102~DTM*233*20200102~DTM*050*20200625~AMT*AU*48.29~SVC*HC:90832:GT*180*0~CAS*CO*197*48.29**45*131.71~REF*6R*592151617520~AMT*B6*48.29~CLP*151617522*1*180*0**MC*20177E003188*02~NM1*QC*1*BOWLES*MICHAEL****MI*00501329457~NM1*82*1*STORY*DEBORAH****XX*1093909145~DTM*232*20200109~DTM*233*20200109~DTM*050*20200625~AMT*AU*48.29~SVC*HC:90832:GT*180*0~CAS*CO*197*48.29**45*131.71~REF*6R*594151617522~AMT*B6*48.29~CLP*151617526*1*180*0**MC*20177E003210*02~NM1*QC*1*BOWLES*MICHAEL****MI*00501329457~NM1*82*1*STORY*DEBORAH****XX*1093909145~DTM*232*20200116~DTM*233*20200116~DTM*050*20200625~AMT*AU*48.29~SVC*HC:90832:GT*180*0~CAS*CO*197*48.29**45*131.71~REF*6R*600151617526~AMT*B6*48.29~CLP*1516111520*1*180*0**MC*20177E003218*02~NM1*QC*1*BOWLES*MICHAEL****MI*00501329457~NM1*82*1*STORY*DEBORAH****XX*1093909145~DTM*232*20200123~DTM*233*20200123~DTM*050*20200625~AMT*AU*48.29~SVC*HC:90832:AH:GT*180*0~CAS*CO*197*48.29**45*131.71~REF*6R*6101516111520~AMT*B6*48.29~CLP*1516117741*1*180*0**MC*20177E003228*02~NM1*QC*1*BOWLES*MICHAEL****MI*00501329457~NM1*82*1*STORY*DEBORAH****XX*1093909145~DTM*232*20200130~DTM*233*20200130~DTM*050*20200625~AMT*AU*48.29~SVC*HC:90832:GT*180*0~CAS*CO*197*48.29**45*131.71~REF*6R*6181516117741~AMT*B6*48.29~CLP*15147149945*1*65*0**MC*20178E020377*11~NM1*QC*1*COBURN*DOROTHY*E***MI*00003075706~NM1*82*1*MORGES*WILFREDO****XX*1871007377~DTM*232*20200601~DTM*233*20200601~DTM*050*20200625~SVC*HC:Q3014:GW*65*0~CAS*CO*16*65~REF*6R*98615147149945~LQ*HE*N245~CLP*15139146759*1*65*0**MC*20178E021069*11~NM1*QC*1*JONES*ROBERT****MI*00502520451~NM1*82*1*KOZEE*HOLLY****XX*1467783159~DTM*232*20200522~DTM*233*20200522~DTM*050*20200625~SVC*HC:Q3014:GW*65*0~CAS*CO*16*65~REF*6R*97315139146759~LQ*HE*N245~CLP*7531179574*1*180*0**MC*20181E004308*02~NM1*QC*1*SHEPPARD*ETHEL*M***MI*00600225296~NM1*82*1*KOZEE*HOLLY****XX*1467783159~DTM*232*20200623~DTM*233*20200623~DTM*050*20200629~AMT*AU*50.48~SVC*HC:90832:AH:GT*180*0~CAS*CO*197*50.48**45*129.52~REF*6R*8337531179574~AMT*B6*50.48~CLP*13487180224*1*180*0**MC*20181E004311*02~NM1*QC*1*GUTIERREZ*TOMMY****MI*00300093213~NM1*82*1*KOZEE*HOLLY****XX*1467783159~DTM*232*20200624~DTM*233*20200624~DTM*050*20200629~AMT*AU*50.48~SVC*HC:90832:AH:GT*180*0~CAS*CO*197*50.48**45*129.52~REF*6R*50413487180224~AMT*B6*50.48~CLP*1748831108*1*370*0**MC*20181E004323*02~NM1*QC*1*PERRINE*JAMES*D***MI*00200109462~NM1*82*1*KOZEE*HOLLY****XX*1467783159~DTM*232*20200302~DTM*233*20200302~DTM*050*20200629~AMT*AU*98.91~SVC*HC:90791:AH:GT*370*0~CAS*CO*197*98.91**45*271.09~REF*6R*0211748831108~AMT*B6*98.91~CLP*15123179703*1*180*0**MC*20181E004341*02~NM1*QC*1*MORGAN*BARBARA****MI*00505531504~NM1*82*1*KOZEE*HOLLY****XX*1467783159~DTM*232*20200623~DTM*233*20200623~DTM*050*20200629~AMT*AU*50.48~SVC*HC:90832:AH:GT*180*0~CAS*CO*197*50.48**45*129.52~REF*6R*87015123179703~AMT*B6*50.48~CLP*17697180422*1*180*0**MC*20181E004378*02~NM1*QC*1*LESTER*GENEVA*F***MI*00301449723~NM1*82*1*KOZEE*HOLLY****XX*1467783159~DTM*232*20200623~DTM*233*20200623~DTM*050*20200629~AMT*AU*50.48~SVC*HC:90832:AH:GT*180*0~CAS*CO*197*50.48**45*129.52~REF*6R*02817697180422~AMT*B6*50.48~CLP*14697180876*1*180*0**MC*20181E004389*02~NM1*QC*1*CAUDILL*BRIAN****MI*00504513515~NM1*82*1*KOZEE*HOLLY****XX*1467783159~DTM*232*20200625~DTM*233*20200625~DTM*050*20200629~AMT*AU*50.48~SVC*HC:90832:AH:GT*180*0~CAS*CO*197*50.48**45*129.52~REF*6R*79214697180876~AMT*B6*50.48~CLP*17628181031*1*180*0**MC*20181E004428*02~NM1*QC*1*PRINCE*PEGGY****MI*00102213525~NM1*82*1*KOZEE*HOLLY****XX*1467783159~DTM*232*20200625~DTM*233*20200625~DTM*050*20200629~AMT*AU*50.48~SVC*HC:90832:SA:GT*180*0~CAS*CO*197*50.48**45*129.52~REF*6R*82617628181031~AMT*B6*50.48~CLP*14678180873*1*180*0**MC*20181E004450*02~NM1*QC*1*VINCENT*MARY****MI*00801667644~NM1*82*1*KOZEE*HOLLY****XX*1467783159~DTM*232*20200625~DTM*233*20200625~DTM*050*20200629~AMT*AU*50.48~SVC*HC:90832:AH:GT*180*0~CAS*CO*197*50.48**45*129.52~REF*6R*78914678180873~AMT*B6*50.48~CLP*17422181550*1*180*0**MC*20182E001715*02~NM1*QC*1*COLLINS*PRESTON****MI*00500004145~NM1*82*1*KOZEE*HOLLY****XX*1467783159~DTM*232*20200626~DTM*233*20200626~DTM*050*20200630~AMT*AU*50.48~SVC*HC:90832:AH:GT*180*0~CAS*CO*197*50.48**45*129.52~REF*6R*04917422181550~AMT*B6*50.48~CLP*16695263*1*180*0**MC*20183E001387*02~NM1*QC*1*PITSENBARGER*VERLIE*M***MI*00900417529~NM1*82*1*STORY*DEBORAH****XX*1093909145~DTM*232*20200102~DTM*233*20200102~DTM*050*20200701~AMT*AU*48.29~SVC*HC:90832:AH:GT*180*0~CAS*CO*197*48.29**45*131.71~REF*6R*56316695263~AMT*B6*48.29~CLP*141846791*1*180*0**MC*20183E001413*02~NM1*QC*1*PRICE*MISTY****MI*00900497452~NM1*82*1*STORY*DEBORAH****XX*1093909145~DTM*232*20200115~DTM*233*20200115~DTM*050*20200701~AMT*AU*48.29~SVC*HC:90832:AH:GT*180*0~CAS*CO*197*48.29**45*131.71~REF*6R*580141846791~AMT*B6*48.29~CLP*51532598*2*185*0**MC*20183W001692*02~NM1*QC*1*BEALAND*PETER****MI*00501087497~NM1*82*1*TYNER*BELINDA****XX*1225310881~DTM*232*20200113~DTM*233*20200113~DTM*050*20200701~SVC*HC:G0407*185*0~CAS*OA*18*185~CLP*515330795*2*185*0**MC*20183W001757*02~NM1*QC*1*BEALAND*PETER****MI*00501087497~NM1*82*1*ACOSTA*LESLIE****XX*1992191159~DTM*232*20200302~DTM*233*20200302~DTM*050*20200701~SVC*HC:G0407*185*0~CAS*OA*18*185~CLP*7847152607*2*120*0**MC*20185E000009*11~NM1*QC*1*TUCKER*PATRICIA****MI*00703239135~NM1*82*1*ACOSTA*LESLIE****XX*1992191159~DTM*232*20200514~DTM*233*20200514~DTM*050*20200626~SVC*HC:99484*120*0~CAS*CO*16*120~REF*6R*5297847152607~LQ*HE*N479~CLP*1714934366*2*280*0**MC*20185E000183*02~NM1*QC*1*DENT*JANET*B***MI*00805546946~NM1*82*1*MORGES*WILFREDO****XX*1871007377~DTM*232*20200309~DTM*233*20200309~DTM*050*20200626~AMT*AU*74.76~SVC*HC:99214*280*0~CAS*CO*16*280~REF*6R*4171714934366~AMT*B6*74.76~LQ*HE*N479~CLP*17149158564*2*65*0**MC*20185E000193*11~NM1*QC*1*DENT*JANET*B***MI*00805546946~NM1*82*1*MORGES*WILFREDO****XX*1871007377~DTM*232*20200609~DTM*233*20200609~DTM*050*20200626~AMT*AU*26.65~SVC*HC:Q3014*65*0~CAS*CO*16*65~REF*6R*08017149158564~AMT*B6*26.65~LQ*HE*N479~CLP*17149158565*2*280*0**MC*20185E000210*11~NM1*QC*1*DENT*JANET*B***MI*00805546946~NM1*82*1*MORGES*WILFREDO****XX*1871007377~DTM*232*20200609~DTM*233*20200609~DTM*050*20200626~AMT*AU*45.67~SVC*HC:99214:95*280*0~CAS*CO*16*280~REF*6R*08417149158565~AMT*B6*45.67~LQ*HE*N479~CLP*13735159086*2*180*0**MC*20185E002141*02~NM1*QC*1*BURCH*ROBERTA*F***MI*00202644837~NM1*82*1*KOZEE*HOLLY****XX*1467783159~DTM*232*20200610~DTM*233*20200610~DTM*050*20200626~AMT*AU*50.48~SVC*HC:90832:GT*180*0~CAS*OA*23*167.33~CAS*CO*45*12.67~REF*6R*41813735159086~AMT*B6*50.48~CLP*16861159227*2*180*0**MC*20185E002181*02~NM1*QC*1*DAVIS*CARL*E***MI*00900083739~NM1*82*1*KOZEE*HOLLY****XX*1467783159~DTM*232*20200610~DTM*233*20200610~DTM*050*20200626~AMT*AU*50.48~SVC*HC:90832:GT*180*0~CAS*OA*23*167.33~CAS*CO*45*12.67~REF*6R*52216861159227~AMT*B6*50.48~CLP*17150158566*2*280*0**MC*20185E002266*11~NM1*QC*1*PAULEY*EVALENA*J***MI*00305872730~NM1*82*1*MORGES*WILFREDO****XX*1871007377~DTM*232*20200609~DTM*233*20200609~DTM*050*20200626~AMT*AU*45.67~SVC*HC:99214:95*280*0~CAS*CO*16*280~REF*6R*15817150158566~AMT*B6*45.67~LQ*HE*N479~CLP*17150153502*2*120*0**MC*20185E002309*11~NM1*QC*1*PAULEY*EVALENA*J***MI*00305872730~NM1*82*1*MORGES*WILFREDO****XX*1871007377~DTM*232*20200529~DTM*233*20200529~DTM*050*20200626~SVC*HC:99484*120*0~CAS*CO*16*120~REF*6R*56617150153502~LQ*HE*N479~CLP*153537891*2*280*0**MC*20185E002337*02~NM1*QC*1*DANKS*BETTY*L***MI*00300032333~NM1*82*1*MORGES*WILFREDO****XX*1871007377~DTM*232*20200110~DTM*233*20200110~DTM*050*20200626~SVC*HC:99214:GT:GW*280*0~CAS*OA*18*280~REF*6R*274153537891~CLP*13477159071*2*180*0**MC*20185E002347*02~NM1*QC*1*CHURCH*RALPH*H***MI*00300533672~NM1*82*1*KOZEE*HOLLY****XX*1467783159~DTM*232*20200610~DTM*233*20200610~DTM*050*20200626~AMT*AU*50.48~SVC*HC:90832:GT*180*0~CAS*OA*23*167.33~CAS*CO*45*12.67~REF*6R*40213477159071~AMT*B6*50.48~CLP*13718159082*2*180*0**MC*20185E002427*02~NM1*QC*1*MAYLE*GEORGE*M***MI*00600137356~NM1*82*1*KOZEE*HOLLY****XX*1467783159~DTM*232*20200610~DTM*233*20200610~DTM*050*20200626~AMT*AU*50.48~SVC*HC:90832:GT*180*0~CAS*OA*23*167.33~CAS*CO*45*12.67~REF*6R*40913718159082~AMT*B6*50.48~CLP*13509159079*2*180*0**MC*20185E002457*02~NM1*QC*1*NELSON*ROBERT*M***MI*00506001990~NM1*82*1*KOZEE*HOLLY****XX*1467783159~DTM*232*20200610~DTM*233*20200610~DTM*050*20200626~AMT*AU*50.48~SVC*HC:90832:GT*180*0~CAS*CO*16*180~REF*6R*40613509159079~AMT*B6*50.48~LQ*HE*N479~CLP*13509153029*2*120*0**MC*20185E002466*11~NM1*QC*1*NELSON*ROBERT*M***MI*00506001990~NM1*82*1*MORGES*WILFREDO****XX*1871007377~DTM*232*20200519~DTM*233*20200519~DTM*050*20200626~SVC*HC:99484*120*0~CAS*CO*16*120~REF*6R*88513509153029~LQ*HE*N479~CLP*15295153272*2*120*0**MC*20185E002514*11~NM1*QC*1*PRICE*BETTIE****MI*00305277566~NM1*82*1*MORGES*WILFREDO****XX*1871007377~DTM*232*20200511~DTM*233*20200511~DTM*050*20200626~SVC*HC:99484*120*0~CAS*CO*16*120~REF*6R*22015295153272~LQ*HE*N479~CLP*16851159224*2*180*0**MC*20185E002607*02~NM1*QC*1*DICK*ALMA*J***MI*00800321998~NM1*82*1*KOZEE*HOLLY****XX*1467783159~DTM*232*20200610~DTM*233*20200610~DTM*050*20200626~AMT*AU*50.48~SVC*HC:90832:GT*180*0~CAS*OA*23*167.33~CAS*CO*45*12.67~REF*6R*51416851159224~AMT*B6*50.48~CLP*17140158559*2*280*0**MC*20185E002620*11~NM1*QC*1*RICHARDSON*BETTY****MI*00505380806~NM1*82*1*MORGES*WILFREDO****XX*1871007377~DTM*232*20200609~DTM*233*20200609~DTM*050*20200626~AMT*AU*45.67~SVC*HC:99214:95*280*0~CAS*CO*16*280~REF*6R*15717140158559~AMT*B6*45.67~LQ*HE*N479~CLP*14112159101*2*180*0**MC*20185E002635*02~NM1*QC*1*LEONARD*PAULINE****MI*00000314760~NM1*82*1*KOZEE*HOLLY****XX*1467783159~DTM*232*20200610~DTM*233*20200610~DTM*050*20200626~AMT*AU*50.48~SVC*HC:90832:GT*180*0~CAS*OA*23*167.33~CAS*CO*45*12.67~REF*6R*42514112159101~AMT*B6*50.48~CLP*13485159074*2*180*0**MC*20185E002702*02~NM1*QC*1*KENNEDY*JUDITH****MI*00001834835~NM1*82*1*KOZEE*HOLLY****XX*1467783159~DTM*232*20200610~DTM*233*20200610~DTM*050*20200626~AMT*AU*50.48~SVC*HC:90832:GT*180*0~CAS*OA*23*167.33~CAS*CO*45*12.67~REF*6R*40513485159074~AMT*B6*50.48~CLP*17140153496*2*120*0**MC*20185E002703*11~NM1*QC*1*RICHARDSON*BETTY****MI*00505380806~NM1*82*1*MORGES*WILFREDO****XX*1871007377~DTM*232*20200521~DTM*233*20200521~DTM*050*20200626~SVC*HC:99484*120*0~CAS*CO*16*120~REF*6R*55917140153496~LQ*HE*N479~CLP*13729159084*2*180*0**MC*20185E002732*02~NM1*QC*1*AARON*AUSTIN*C***MI*00202442424~NM1*82*1*KOZEE*HOLLY****XX*1467783159~DTM*232*20200610~DTM*233*20200610~DTM*050*20200626~AMT*AU*50.48~SVC*HC:90832:GT*180*0~CAS*OA*23*167.33~CAS*CO*45*12.67~REF*6R*41313729159084~AMT*B6*50.48~CLP*17131153493*2*120*0**MC*20185E002742*11~NM1*QC*1*THORNTON*ELOISE*A***MI*00804349762~NM1*82*1*MORGES*WILFREDO****XX*1871007377~DTM*232*20200521~DTM*233*20200521~DTM*050*20200626~SVC*HC:99484*120*0~CAS*CO*16*120~REF*6R*55517131153493~LQ*HE*N479~CLP*17172158584*2*280*0**MC*20185E002743*11~NM1*QC*1*SEAGRAVES*BETTY****MI*00503284501~NM1*82*1*MORGES*WILFREDO****XX*1871007377~DTM*232*20200609~DTM*233*20200609~DTM*050*20200626~AMT*AU*45.67~SVC*HC:99214:95*280*0~CAS*OA*23*262.33~CAS*CO*45*17.67~REF*6R*16717172158584~AMT*B6*45.67~CLP*17924153814*2*120*0**MC*20185E002761*11~NM1*QC*1*POOLE*GOLDIE****MI*00303085603~NM1*82*1*MORGES*WILFREDO****XX*1871007377~DTM*232*20200505~DTM*233*20200505~DTM*050*20200626~SVC*HC:99484*120*0~CAS*CO*16*120~REF*6R*17617924153814~LQ*HE*N479~CLP*17443158622*2*280*0**MC*20185E002789*11~NM1*QC*1*MYERS*ROGER****MI*00300193043~NM1*82*1*MORGES*WILFREDO****XX*1871007377~DTM*232*20200609~DTM*233*20200609~DTM*050*20200626~AMT*AU*45.67~SVC*HC:99214:95*280*0~CAS*OA*23*262.33~CAS*CO*45*17.67~REF*6R*17217443158622~AMT*B6*45.67~CLP*13140152989*2*120*0**MC*20185E002819*11~NM1*QC*1*NEWTON*JUANITA*L***MI*00202509424~NM1*82*1*MORGES*WILFREDO****XX*1871007377~DTM*232*20200508~DTM*233*20200508~DTM*050*20200626~SVC*HC:99484*120*0~CAS*CO*16*120~REF*6R*84113140152989~LQ*HE*N479~CLP*17539159280*2*180*0**MC*20185E002875*02~NM1*QC*1*MEIER*KEITH*E***MI*00600737328~NM1*82*1*KOZEE*HOLLY****XX*1467783159~DTM*232*20200610~DTM*233*20200610~DTM*050*20200626~AMT*AU*50.48~SVC*HC:90832:GT*180*0~CAS*OA*23*167.33~CAS*CO*45*12.67~REF*6R*72117539159280~AMT*B6*50.48~CLP*7668152589*2*120*0**MC*20185E003208*11~NM1*QC*1*STEELE*DARRELL*R***MI*00201302978~NM1*82*1*ACOSTA*LESLIE****XX*1992191159~DTM*232*20200514~DTM*233*20200514~DTM*050*20200626~SVC*HC:99484*120*0~CAS*CO*16*120~REF*6R*3847668152589~LQ*HE*N479~CLP*4264173019*1*65*0**MC*20185E003285*11~NM1*QC*1*PATRICK*LEONARD****MI*00900020389~NM1*82*1*ACOSTA*LESLIE****XX*1992191159~DTM*232*20200616~DTM*233*20200616~DTM*050*20200626~SVC*HC:Q3014*65*0~CAS*CO*16*65~REF*6R*5244264173019~LQ*HE*N245~CLP*17483153646*2*120*0**MC*20185E003305*11~NM1*QC*1*MOLES*CONNIE****MI*00002742920~NM1*82*1*WILKERSON*SABRINA****XX*1760789101~DTM*232*20200506~DTM*233*20200506~DTM*050*20200626~SVC*HC:99484*120*0~CAS*CO*16*120~REF*6R*87017483153646~LQ*HE*N479~CLP*9211173133*1*65*0**MC*20185E003384*11~NM1*QC*1*ROBINETTE*LINDA****MI*00605451488~NM1*82*1*ACOSTA*LESLIE****XX*1992191159~DTM*232*20200616~DTM*233*20200616~DTM*050*20200626~SVC*HC:Q3014*65*0~CAS*CO*16*65~REF*6R*7009211173133~LQ*HE*N245~CLP*10847173161*1*65*0**MC*20185E003447*11~NM1*QC*1*SESCO*HELEN****MI*00605696325~NM1*82*1*ACOSTA*LESLIE****XX*1992191159~DTM*232*20200616~DTM*233*20200616~DTM*050*20200626~SVC*HC:Q3014*65*0~CAS*CO*16*65~REF*6R*70910847173161~LQ*HE*N245~CLP*7791158278*2*280*0**MC*20185E003455*11~NM1*QC*1*THAYER*WANDA*G***MI*00300350443~NM1*82*1*ACOSTA*LESLIE****XX*1992191159~DTM*232*20200609~DTM*233*20200609~DTM*050*20200626~AMT*AU*45.67~SVC*HC:99214:95*280*0~CAS*OA*23*262.33~CAS*CO*45*17.67~REF*6R*7717791158278~AMT*B6*45.67~CLP*17692173453*1*65*0**MC*20185E003469*11~NM1*QC*1*ROSE*PHYLLIS****MI*00906238007~NM1*82*1*ACOSTA*LESLIE****XX*1992191159~DTM*232*20200616~DTM*233*20200616~DTM*050*20200626~SVC*HC:Q3014*65*0~CAS*CO*16*65~REF*6R*85517692173453~LQ*HE*N245~CLP*13735173899*1*65*0**MC*20185E006551*11~NM1*QC*1*BURCH*ROBERTA*F***MI*00202644837~NM1*82*1*KOZEE*HOLLY****XX*1467783159~DTM*232*20200617~DTM*233*20200617~DTM*050*20200629~SVC*HC:Q3014*65*0~CAS*CO*16*65~REF*6R*10313735173899~LQ*HE*N245~CLP*18100174163*1*65*0**MC*20185E006563*11~NM1*QC*1*GRACE*THOMAS*P***MI*00700137097~NM1*82*1*KOZEE*HOLLY****XX*1467783159~DTM*232*20200617~DTM*233*20200617~DTM*050*20200629~SVC*HC:Q3014*65*0~CAS*CO*16*65~REF*6R*25318100174163~LQ*HE*N245~CLP*13489173885*1*65*0**MC*20185E006585*11~NM1*QC*1*VAUGHN*DEBORAH****MI*00001370975~NM1*82*1*KOZEE*HOLLY****XX*1467783159~DTM*232*20200617~DTM*233*20200617~DTM*050*20200629~SVC*HC:Q3014*65*0~CAS*CO*16*65~REF*6R*09113489173885~LQ*HE*N245~CLP*17419174758*1*65*0**MC*20185E006664*11~NM1*QC*1*BROCK*NIDA*J***MI*00101203626~NM1*82*1*KOZEE*HOLLY****XX*1467783159~DTM*232*20200618~DTM*233*20200618~DTM*050*20200629~SVC*HC:Q3014*65*0~CAS*CO*16*65~REF*6R*20917419174758~LQ*HE*N245~CLP*13509173894*1*65*0**MC*20185E006666*11~NM1*QC*1*NELSON*ROBERT*M***MI*00506001990~NM1*82*1*KOZEE*HOLLY****XX*1467783159~DTM*232*20200617~DTM*233*20200617~DTM*050*20200629~SVC*HC:Q3014*65*0~CAS*CO*16*65~REF*6R*10013509173894~LQ*HE*N479~CLP*13477173880*1*65*0**MC*20185E006681*11~NM1*QC*1*CHURCH*RALPH*H***MI*00300533672~NM1*82*1*KOZEE*HOLLY****XX*1467783159~DTM*232*20200617~DTM*233*20200617~DTM*050*20200629~SVC*HC:Q3014*65*0~CAS*CO*16*65~REF*6R*08613477173880~LQ*HE*N245~CLP*17925174814*1*65*0**MC*20185E006721*11~NM1*QC*1*IAMS*ESTHER*F***MI*00800716966~NM1*82*1*KOZEE*HOLLY****XX*1467783159~DTM*232*20200618~DTM*233*20200618~DTM*050*20200629~SVC*HC:Q3014*65*0~CAS*CO*16*65~REF*6R*46117925174814~LQ*HE*N245~CLP*17925174817*1*65*0**MC*20185E006772*11~NM1*QC*1*IAMS*ESTHER*F***MI*00800716966~NM1*82*1*MORGES*WILFREDO****XX*1871007377~DTM*232*20200618~DTM*233*20200618~DTM*050*20200629~SVC*HC:Q3014*65*0~CAS*CO*16*65~REF*6R*22817925174817~LQ*HE*N245~CLP*18171174176*1*65*0**MC*20185E006849*11~NM1*QC*1*SNODGRASS*ROBERT****MI*00000296440~NM1*82*1*KOZEE*HOLLY****XX*1467783159~DTM*232*20200617~DTM*233*20200617~DTM*050*20200629~SVC*HC:Q3014*65*0~CAS*CO*16*65~REF*6R*26018171174176~LQ*HE*N245~CLP*13507173892*1*65*0**MC*20185E006856*11~NM1*QC*1*STUMP*IRIS*R***MI*00504733069~NM1*82*1*KOZEE*HOLLY****XX*1467783159~DTM*232*20200617~DTM*233*20200617~DTM*050*20200629~SVC*HC:Q3014*65*0~CAS*CO*16*65~REF*6R*09813507173892~LQ*HE*N245~CLP*17195174735*1*65*0**MC*20185E006881*11~NM1*QC*1*MOONEY*THERON****MI*00605924169~NM1*82*1*KOZEE*HOLLY****XX*1467783159~DTM*232*20200618~DTM*233*20200618~DTM*050*20200629~SVC*HC:Q3014*65*0~CAS*CO*16*65~REF*6R*20217195174735~LQ*HE*N245~CLP*15116174642*1*65*0**MC*20185E006928*11~NM1*QC*1*MCNEELY*ALMA*J***MI*00500944976~NM1*82*1*KOZEE*HOLLY****XX*1467783159~DTM*232*20200618~DTM*233*20200618~DTM*050*20200629~SVC*HC:Q3014*65*0~CAS*CO*16*65~REF*6R*17215116174642~LQ*HE*N245~CLP*13346174586*1*65*0**MC*20185E006954*11~NM1*QC*1*DRASS*ANNA****MI*00304941736~NM1*82*1*KOZEE*HOLLY****XX*1467783159~DTM*232*20200618~DTM*233*20200618~DTM*050*20200629~SVC*HC:Q3014*65*0~CAS*CO*16*65~REF*6R*38613346174586~LQ*HE*N245~CLP*15342174652*1*65*0**MC*20185E006963*11~NM1*QC*1*WOOTEN*AMANDA****MI*00101106588~NM1*82*1*KOZEE*HOLLY****XX*1467783159~DTM*232*20200618~DTM*233*20200618~DTM*050*20200629~SVC*HC:Q3014*65*0~CAS*CO*16*65~REF*6R*17415342174652~LQ*HE*N245~CLP*13493173887*1*65*0**MC*20185E006997*11~NM1*QC*1*DOTSON*EDWARD****MI*00200485012~NM1*82*1*KOZEE*HOLLY****XX*1467783159~DTM*232*20200617~DTM*233*20200617~DTM*050*20200629~SVC*HC:Q3014*65*0~CAS*CO*16*65~REF*6R*09313493173887~LQ*HE*N245~CLP*13346174587*1*65*0**MC*20185E007021*11~NM1*QC*1*DRASS*ANNA****MI*00304941736~NM1*82*1*MORGES*WILFREDO****XX*1871007377~DTM*232*20200618~DTM*233*20200618~DTM*050*20200629~SVC*HC:Q3014*65*0~CAS*CO*16*65~REF*6R*15813346174587~LQ*HE*N245~CLP*16851174028*1*65*0**MC*20185E007035*11~NM1*QC*1*DICK*ALMA*J***MI*00800321998~NM1*82*1*KOZEE*HOLLY****XX*1467783159~DTM*232*20200617~DTM*233*20200617~DTM*050*20200629~SVC*HC:Q3014*65*0~CAS*CO*16*65~REF*6R*16716851174028~LQ*HE*N245~CLP*14112173918*1*65*0**MC*20185E007044*11~NM1*QC*1*LEONARD*PAULINE****MI*00000314760~NM1*82*1*KOZEE*HOLLY****XX*1467783159~DTM*232*20200617~DTM*233*20200617~DTM*050*20200629~SVC*HC:Q3014*65*0~CAS*CO*16*65~REF*6R*11414112173918~LQ*HE*N245~CLP*13485173881*1*65*0**MC*20185E007075*11~NM1*QC*1*KENNEDY*JUDITH****MI*00001834835~NM1*82*1*KOZEE*HOLLY****XX*1467783159~DTM*232*20200617~DTM*233*20200617~DTM*050*20200629~SVC*HC:Q3014*65*0~CAS*CO*16*65~REF*6R*08713485173881~LQ*HE*N245~CLP*18101174165*1*65*0**MC*20185E007093*11~NM1*QC*1*SMITH*FRANCIS****MI*00900513705~NM1*82*1*KOZEE*HOLLY****XX*1467783159~DTM*232*20200617~DTM*233*20200617~DTM*050*20200629~SVC*HC:Q3014*65*0~CAS*CO*16*65~REF*6R*25518101174165~LQ*HE*N245~CLP*13309174584*1*65*0**MC*20185E007109*11~NM1*QC*1*HAUGHT*REBECCA*K***MI*00300485993~NM1*82*1*MORGES*WILFREDO****XX*1871007377~DTM*232*20200618~DTM*233*20200618~DTM*050*20200629~SVC*HC:Q3014*65*0~CAS*CO*16*65~REF*6R*15613309174584~LQ*HE*N245~CLP*17781174796*1*65*0**MC*20185E007156*11~NM1*QC*1*WILLRICH*RICHARD****MI*00505982929~NM1*82*1*MORGES*WILFREDO****XX*1871007377~DTM*232*20200618~DTM*233*20200618~DTM*050*20200629~SVC*HC:Q3014*65*0~CAS*CO*16*65~REF*6R*21917781174796~LQ*HE*N245~CLP*17924174813*1*65*0**MC*20185E007182*11~NM1*QC*1*POOLE*GOLDIE****MI*00303085603~NM1*82*1*MORGES*WILFREDO****XX*1871007377~DTM*232*20200618~DTM*233*20200618~DTM*050*20200629~SVC*HC:Q3014*65*0~CAS*CO*16*65~REF*6R*22617924174813~LQ*HE*N479~CLP*13729173898*1*65*0**MC*20185E007194*11~NM1*QC*1*AARON*AUSTIN*C***MI*00202442424~NM1*82*1*KOZEE*HOLLY****XX*1467783159~DTM*232*20200617~DTM*233*20200617~DTM*050*20200629~SVC*HC:Q3014*65*0~CAS*CO*16*65~REF*6R*10213729173898~LQ*HE*N245~CLP*16677174697*1*65*0**MC*20185E007208*11~NM1*QC*1*FLOYD*MARGARET*A***MI*00900260679~NM1*82*1*KOZEE*HOLLY****XX*1467783159~DTM*232*20200618~DTM*233*20200618~DTM*050*20200629~SVC*HC:Q3014*65*0~CAS*CO*16*65~REF*6R*43416677174697~LQ*HE*N245~CLP*16676174692*1*65*0**MC*20185E007219*11~NM1*QC*1*HUBBARD*FREDA****MI*00205004017~NM1*82*1*KOZEE*HOLLY****XX*1467783159~DTM*232*20200618~DTM*233*20200618~DTM*050*20200629~SVC*HC:Q3014*65*0~CAS*CO*16*65~REF*6R*43116676174692~LQ*HE*N245~CLP*16676174693*1*65*0**MC*20185E007264*11~NM1*QC*1*HUBBARD*FREDA****MI*00205004017~NM1*82*1*MORGES*WILFREDO****XX*1871007377~DTM*232*20200618~DTM*233*20200618~DTM*050*20200629~SVC*HC:Q3014*65*0~CAS*CO*16*65~REF*6R*18216676174693~LQ*HE*N245~CLP*16677174695*1*65*0**MC*20185E007267*11~NM1*QC*1*FLOYD*MARGARET*A***MI*00900260679~NM1*82*1*MORGES*WILFREDO****XX*1871007377~DTM*232*20200618~DTM*233*20200618~DTM*050*20200629~SVC*HC:Q3014*65*0~CAS*CO*16*65~REF*6R*18316677174695~LQ*HE*N245~CLP*17186174730*1*65*0**MC*20185E007301*11~NM1*QC*1*VANCE*TREVA****MI*00000131528~NM1*82*1*KOZEE*HOLLY****XX*1467783159~DTM*232*20200618~DTM*233*20200618~DTM*050*20200629~SVC*HC:Q3014*65*0~CAS*CO*16*65~REF*6R*19717186174730~LQ*HE*N245~CLP*17539174100*1*65*0**MC*20185E007323*11~NM1*QC*1*MEIER*KEITH*E***MI*00600737328~NM1*82*1*KOZEE*HOLLY****XX*1467783159~DTM*232*20200617~DTM*233*20200617~DTM*050*20200629~SVC*HC:Q3014*65*0~CAS*CO*16*65~REF*6R*20617539174100~LQ*HE*N245~CLP*17701174788*1*65*0**MC*20185E007342*11~NM1*QC*1*SMITH*LAURA****MI*00001309083~NM1*82*1*KOZEE*HOLLY****XX*1467783159~DTM*232*20200618~DTM*233*20200618~DTM*050*20200629~SVC*HC:Q3014*65*0~CAS*CO*16*65~REF*6R*21617701174788~LQ*HE*N245~CLP*17852174126*1*65*0**MC*20185E007347*11~NM1*QC*1*WICKENHOFER*FREDA****MI*00903009648~NM1*82*1*KOZEE*HOLLY****XX*1467783159~DTM*232*20200617~DTM*233*20200617~DTM*050*20200629~SVC*HC:Q3014*65*0~CAS*CO*16*65~REF*6R*22017852174126~LQ*HE*N245~CLP*15287154989*1*65*0**MC*20185E007393*11~NM1*QC*1*MAINELLA*JULIA****MI*00001614709~NM1*82*1*MORGES*WILFREDO****XX*1871007377~DTM*232*20200608~DTM*233*20200608~DTM*050*20200629~SVC*HC:Q3014:GW*65*0~CAS*CO*A1*65~REF*6R*19515287154989~CLP*17194174057*1*65*0**MC*20185E009202*11~NM1*QC*1*MULLINS*BIRDIE*L***MI*00700104227~NM1*82*1*WILKERSON*SABRINA****XX*1760789101~DTM*232*20200615~DTM*233*20200615~DTM*050*20200629~SVC*HC:Q3014*65*0~CAS*CO*16*65~REF*6R*18517194174057~LQ*HE*N245~CLP*15117173943*1*65*0**MC*20185E009221*11~NM1*QC*1*STATEN*JOE****MI*00100336637~NM1*82*1*WILKERSON*SABRINA****XX*1760789101~DTM*232*20200615~DTM*233*20200615~DTM*050*20200629~SVC*HC:Q3014*65*0~CAS*CO*16*65~REF*6R*00415117173943~LQ*HE*N245~CLP*17109174052*1*65*0**MC*20185E009267*11~NM1*QC*1*CLAY*PATRICIA****MI*00905581236~NM1*82*1*WILKERSON*SABRINA****XX*1760789101~DTM*232*20200615~DTM*233*20200615~DTM*050*20200629~SVC*HC:Q3014*65*0~CAS*CO*16*65~REF*6R*18217109174052~LQ*HE*N245~CLP*15121173947*1*65*0**MC*20185E009276*11~NM1*QC*1*SUMMERS*ANNA*R***MI*00900122629~NM1*82*1*WILKERSON*SABRINA****XX*1760789101~DTM*232*20200615~DTM*233*20200615~DTM*050*20200629~SVC*HC:Q3014*65*0~CAS*CO*16*65~REF*6R*12815121173947~LQ*HE*N245~CLP*17419154671*1*65*0**MC*20185E009319*11~NM1*QC*1*BROCK*NIDA*J***MI*00101203626~NM1*82*1*WILKERSON*SABRINA****XX*1760789101~DTM*232*20200604~DTM*233*20200604~DTM*050*20200629~SVC*HC:Q3014*65*0~CAS*CO*16*65~REF*6R*62417419154671~LQ*HE*N245~CLP*15346173990*1*65*0**MC*20185E009358*11~NM1*QC*1*MEADE*JUANITA****MI*00800074648~NM1*82*1*WILKERSON*SABRINA****XX*1760789101~DTM*232*20200615~DTM*233*20200615~DTM*050*20200629~SVC*HC:Q3014*65*0~CAS*CO*16*65~REF*6R*01215346173990~LQ*HE*N245~CLP*18314154519*1*65*0**MC*20185E009401*11~NM1*QC*1*DAVIS*CAROL*S***MI*00300904604~NM1*82*1*WILKERSON*SABRINA****XX*1760789101~DTM*232*20200602~DTM*233*20200602~DTM*050*20200629~SVC*HC:Q3014*65*0~CAS*CO*16*65~REF*6R*62518314154519~LQ*HE*N245~CLP*18314154519*1*65*0**MC*20185E009437*11~NM1*QC*1*DAVIS*CAROL*S***MI*00300904604~NM1*82*1*WILKERSON*SABRINA****XX*1760789101~DTM*232*20200602~DTM*233*20200602~DTM*050*20200629~SVC*HC:Q3014*65*0~CAS*CO*16*65~REF*6R*62618314154519~LQ*HE*N245~CLP*17414174084*1*65*0**MC*20185E009664*11~NM1*QC*1*WHITE*PAUL*V***MI*00100402665~NM1*82*1*WILKERSON*SABRINA****XX*1760789101~DTM*232*20200615~DTM*233*20200615~DTM*050*20200629~SVC*HC:Q3014*65*0~CAS*CO*16*65~REF*6R*01617414174084~LQ*HE*N245~CLP*17423174088*1*65*0**MC*20185E009681*11~NM1*QC*1*DANIELS*GOLDIE*M***MI*00400562549~NM1*82*1*WILKERSON*SABRINA****XX*1760789101~DTM*232*20200615~DTM*233*20200615~DTM*050*20200629~SVC*HC:Q3014*65*0~CAS*CO*16*65~REF*6R*20017423174088~LQ*HE*N245~CLP*17603160439*2*180*0**MC*20185E015013*02~NM1*QC*1*LEHEW*NELLIE*L***MI*00700503456~NM1*82*1*KOZEE*HOLLY****XX*1467783159~DTM*232*20200612~DTM*233*20200612~DTM*050*20200630~AMT*AU*50.48~SVC*HC:90832:GT*180*0~CAS*OA*23*167.33~CAS*CO*45*12.67~REF*6R*46917603160439~AMT*B6*50.48~CLP*17113159921*2*180*0**MC*20185E015016*02~NM1*QC*1*FARRIS*ARTIE****MI*00403681533~NM1*82*1*KOZEE*HOLLY****XX*1467783159~DTM*232*20200611~DTM*233*20200611~DTM*050*20200630~AMT*AU*50.48~SVC*HC:90832:GT*180*0~CAS*OA*23*167.33~CAS*CO*45*12.67~REF*6R*75417113159921~AMT*B6*50.48~CLP*16851159892*2*280*0**MC*20185E015123*11~NM1*QC*1*DICK*ALMA*J***MI*00800321998~NM1*82*1*MORGES*WILFREDO****XX*1871007377~DTM*232*20200611~DTM*233*20200611~DTM*050*20200630~AMT*AU*45.67~SVC*HC:99214:95*280*0~CAS*OA*23*262.33~CAS*CO*45*17.67~REF*6R*53716851159892~AMT*B6*45.67~CLP*14011159098*2*180*0**MC*20185E015138*02~NM1*QC*1*WALTERS*JOHN****MI*00900389429~NM1*82*1*KOZEE*HOLLY****XX*1467783159~DTM*232*20200610~DTM*233*20200610~DTM*050*20200630~AMT*AU*50.48~SVC*HC:90832:GT*180*0~CAS*OA*23*167.33~CAS*CO*45*12.67~REF*6R*59614011159098~AMT*B6*50.48~CLP*6165175013*1*65*0**MC*20185E015163*11~NM1*QC*1*HARMON*THOMAS*R***MI*00800283848~NM1*82*1*MORGES*WILFREDO****XX*1871007377~DTM*232*20200619~DTM*233*20200619~DTM*050*20200630~SVC*HC:Q3014*65*0~CAS*CO*16*65~REF*6R*6996165175013~LQ*HE*N245~CLP*14651160325*2*180*0**MC*20185E015188*02~NM1*QC*1*COURTNEY*LORETTA*J***MI*00200779968~NM1*82*1*KOZEE*HOLLY****XX*1467783159~DTM*232*20200612~DTM*233*20200612~DTM*050*20200630~AMT*AU*50.48~SVC*HC:90832:GT*180*0~CAS*OA*23*167.33~CAS*CO*45*12.67~REF*6R*38014651160325~AMT*B6*50.48~CLP*13493159748*2*280*0**MC*20185E015190*11~NM1*QC*1*DOTSON*EDWARD****MI*00200485012~NM1*82*1*MORGES*WILFREDO****XX*1871007377~DTM*232*20200611~DTM*233*20200611~DTM*050*20200630~AMT*AU*45.67~SVC*HC:99214:95*280*0~CAS*OA*23*262.33~CAS*CO*45*17.67~REF*6R*97513493159748~AMT*B6*45.67~CLP*13741159764*2*280*0**MC*20185E015209*11~NM1*QC*1*HARVEY*BRENDA****MI*00700093277~NM1*82*1*MORGES*WILFREDO****XX*1871007377~DTM*232*20200611~DTM*233*20200611~DTM*050*20200630~AMT*AU*45.67~SVC*HC:99214:95*280*0~CAS*OA*23*262.33~CAS*CO*45*17.67~REF*6R*81313741159764~AMT*B6*45.67~CLP*13735159763*2*280*0**MC*20185E015210*11~NM1*QC*1*BURCH*ROBERTA*F***MI*00202644837~NM1*82*1*MORGES*WILFREDO****XX*1871007377~DTM*232*20200611~DTM*233*20200611~DTM*050*20200630~AMT*AU*45.67~SVC*HC:99214:95*280*0~CAS*OA*23*262.33~CAS*CO*45*17.67~REF*6R*81213735159763~AMT*B6*45.67~CLP*17603154434*2*180*0**MC*20185E015211*02~NM1*QC*1*LEHEW*NELLIE*L***MI*00700503456~NM1*82*1*KOZEE*HOLLY****XX*1467783159~DTM*232*20200605~DTM*233*20200605~DTM*050*20200630~AMT*AU*50.48~SVC*HC:90832:GT*180*0~CAS*OA*23*167.33~CAS*CO*45*12.67~REF*6R*67117603154434~AMT*B6*50.48~CLP*14651154297*2*180*0**MC*20185E015219*02~NM1*QC*1*COURTNEY*LORETTA*J***MI*00200779968~NM1*82*1*KOZEE*HOLLY****XX*1467783159~DTM*232*20200605~DTM*233*20200605~DTM*050*20200630~AMT*AU*50.48~SVC*HC:90832:GT*180*0~CAS*OA*23*167.33~CAS*CO*45*12.67~REF*6R*35514651154297~AMT*B6*50.48~CLP*17539159960*2*280*0**MC*20185E015242*11~NM1*QC*1*MEIER*KEITH*E***MI*00600737328~NM1*82*1*MORGES*WILFREDO****XX*1871007377~DTM*232*20200611~DTM*233*20200611~DTM*050*20200630~AMT*AU*45.67~SVC*HC:99214:95*280*0~CAS*OA*23*262.33~CAS*CO*45*17.67~REF*6R*00917539159960~AMT*B6*45.67~CLP*16573160371*2*180*0**MC*20185E015250*02~NM1*QC*1*MOLISEE*JOANNE****MI*00300135733~NM1*82*1*KOZEE*HOLLY****XX*1467783159~DTM*232*20200612~DTM*233*20200612~DTM*050*20200630~AMT*AU*50.48~SVC*HC:90832:GT*180*0~CAS*OA*23*167.33~CAS*CO*45*12.67~REF*6R*41716573160371~AMT*B6*50.48~CLP*15139154332*2*180*0**MC*20185E015267*02~NM1*QC*1*JONES*ROBERT****MI*00502520451~NM1*82*1*KOZEE*HOLLY****XX*1467783159~DTM*232*20200605~DTM*233*20200605~DTM*050*20200630~AMT*AU*50.48~SVC*HC:90832:GT:GW*180*0~CAS*OA*23*167.33~CAS*CO*45*12.67~REF*6R*38815139154332~AMT*B6*50.48~CLP*13491159078*2*180*0**MC*20185E015279*02~NM1*QC*1*WAUGH*NELSON****MI*00404828441~NM1*82*1*KOZEE*HOLLY****XX*1467783159~DTM*232*20200610~DTM*233*20200610~DTM*050*20200630~AMT*AU*50.48~SVC*HC:90832:GT*180*0~CAS*OA*23*167.33~CAS*CO*45*12.67~REF*6R*58913491159078~AMT*B6*50.48~CLP*16573154361*2*180*0**MC*20185E015280*02~NM1*QC*1*MOLISEE*JOANNE****MI*00300135733~NM1*82*1*KOZEE*HOLLY****XX*1467783159~DTM*232*20200605~DTM*233*20200605~DTM*050*20200630~AMT*AU*50.48~SVC*HC:90832:GT*180*0~CAS*OA*23*167.33~CAS*CO*45*12.67~REF*6R*49116573154361~AMT*B6*50.48~CLP*18100160043*2*280*0**MC*20185E015290*11~NM1*QC*1*GRACE*THOMAS*P***MI*00700137097~NM1*82*1*MORGES*WILFREDO****XX*1871007377~DTM*232*20200611~DTM*233*20200611~DTM*050*20200630~AMT*AU*45.67~SVC*HC:99214:95*280*0~CAS*OA*23*262.33~CAS*CO*45*17.67~REF*6R*95818100160043~AMT*B6*45.67~CLP*15308149974*2*280*0**MC*20185E015297*11~NM1*QC*1*VANDETTA*FANNIE*A***MI*00803698144~NM1*82*1*MORGES*WILFREDO****XX*1871007377~DTM*232*20200601~DTM*233*20200601~DTM*050*20200630~AMT*AU*45.67~SVC*HC:99214:95:GW*280*0~CAS*OA*23*262.33~CAS*CO*45*17.67~REF*6R*86215308149974~AMT*B6*45.67~CLP*14651175153*1*65*0**MC*20185E015304*11~NM1*QC*1*COURTNEY*LORETTA*J***MI*00200779968~NM1*82*1*KOZEE*HOLLY****XX*1467783159~DTM*232*20200619~DTM*233*20200619~DTM*050*20200630~SVC*HC:Q3014*65*0~CAS*CO*16*65~REF*6R*82214651175153~LQ*HE*N245~CLP*15115159813*2*180*0**MC*20185E015316*02~NM1*QC*1*BLUNT*ROBERT*L***MI*00002874280~NM1*82*1*KOZEE*HOLLY****XX*1467783159~DTM*232*20200611~DTM*233*20200611~DTM*050*20200630~AMT*AU*50.48~SVC*HC:90832:GT*180*0~CAS*OA*23*167.33~CAS*CO*45*12.67~REF*6R*14215115159813~AMT*B6*50.48~CLP*16573175206*1*65*0**MC*20185E015325*11~NM1*QC*1*MOLISEE*JOANNE****MI*00300135733~NM1*82*1*KOZEE*HOLLY****XX*1467783159~DTM*232*20200619~DTM*233*20200619~DTM*050*20200630~SVC*HC:Q3014*65*0~CAS*CO*16*65~REF*6R*86616573175206~LQ*HE*N245~CLP*13489159076*2*180*0**MC*20185E015326*02~NM1*QC*1*VAUGHN*DEBORAH****MI*00001370975~NM1*82*1*KOZEE*HOLLY****XX*1467783159~DTM*232*20200610~DTM*233*20200610~DTM*050*20200630~AMT*AU*50.48~SVC*HC:90832:GT*180*0~CAS*OA*23*167.33~CAS*CO*45*12.67~REF*6R*58713489159076~AMT*B6*50.48~CLP*5142154065*2*280*0**MC*20185E015329*11~NM1*QC*1*BARTON*WILDA****MI*00101802438~NM1*82*1*MORGES*WILFREDO****XX*1871007377~DTM*232*20200605~DTM*233*20200605~DTM*050*20200630~AMT*AU*45.67~SVC*HC:99214:95*280*0~CAS*OA*23*262.33~CAS*CO*45*17.67~REF*6R*1205142154065~AMT*B6*45.67~CLP*14659160326*2*180*0**MC*20185E015335*02~NM1*QC*1*WISE*NANCY*C***MI*00300271613~NM1*82*1*KOZEE*HOLLY****XX*1467783159~DTM*232*20200612~DTM*233*20200612~DTM*050*20200630~AMT*AU*50.48~SVC*HC:90832:GT*180*0~CAS*OA*23*167.33~CAS*CO*45*12.67~REF*6R*38114659160326~AMT*B6*50.48~CLP*13485159741*2*280*0**MC*20185E015346*11~NM1*QC*1*KENNEDY*JUDITH****MI*00001834835~NM1*82*1*MORGES*WILFREDO****XX*1871007377~DTM*232*20200611~DTM*233*20200611~DTM*050*20200630~AMT*AU*45.67~SVC*HC:99214:95*280*0~CAS*OA*23*262.33~CAS*CO*45*17.67~REF*6R*91013485159741~AMT*B6*45.67~CLP*13489159746*2*280*0**MC*20185E015350*11~NM1*QC*1*VAUGHN*DEBORAH****MI*00001370975~NM1*82*1*MORGES*WILFREDO****XX*1871007377~DTM*232*20200611~DTM*233*20200611~DTM*050*20200630~AMT*AU*45.67~SVC*HC:99214:95*280*0~CAS*OA*23*262.33~CAS*CO*45*17.67~REF*6R*95513489159746~AMT*B6*45.67~CLP*17353154417*2*180*0**MC*20185E015353*02~NM1*QC*1*FRANTZ*CLETA*J***MI*00901870526~NM1*82*1*KOZEE*HOLLY****XX*1467783159~DTM*232*20200605~DTM*233*20200605~DTM*050*20200630~AMT*AU*50.48~SVC*HC:90832:GT*180*0~CAS*OA*23*167.33~CAS*CO*45*12.67~REF*6R*57617353154417~AMT*B6*50.48~CLP*13477159740*2*280*0**MC*20185E015385*11~NM1*QC*1*CHURCH*RALPH*H***MI*00300533672~NM1*82*1*MORGES*WILFREDO****XX*1871007377~DTM*232*20200611~DTM*233*20200611~DTM*050*20200630~AMT*AU*45.67~SVC*HC:99214:95*280*0~CAS*OA*23*262.33~CAS*CO*45*17.67~REF*6R*80813477159740~AMT*B6*45.67~CLP*18101159332*2*180*0**MC*20185E015397*02~NM1*QC*1*SMITH*FRANCIS****MI*00900513705~NM1*82*1*KOZEE*HOLLY****XX*1467783159~DTM*232*20200610~DTM*233*20200610~DTM*050*20200630~AMT*AU*50.48~SVC*HC:90832:GT*180*0~CAS*OA*23*167.33~CAS*CO*45*12.67~REF*6R*76218101159332~AMT*B6*50.48~CLP*17355154418*2*180*0**MC*20185E015415*02~NM1*QC*1*LEASE*CLARA****MI*00600177346~NM1*82*1*KOZEE*HOLLY****XX*1467783159~DTM*232*20200605~DTM*233*20200605~DTM*050*20200630~AMT*AU*50.48~SVC*HC:90832:GT*180*0~CAS*OA*23*167.33~CAS*CO*45*12.67~REF*6R*58217355154418~AMT*B6*50.48~CLP*16574154364*2*180*0**MC*20185E015440*02~NM1*QC*1*SHELBA*SWEIGART*J***MI*00506066932~NM1*82*1*KOZEE*HOLLY****XX*1467783159~DTM*232*20200605~DTM*233*20200605~DTM*050*20200630~AMT*AU*50.48~SVC*HC:90832:GT*180*0~CAS*CO*16*180~REF*6R*52016574154364~AMT*B6*50.48~LQ*HE*N479~CLP*5251154069*2*280*0**MC*20185E015456*11~NM1*QC*1*BOND*LORENE****MI*00600264486~NM1*82*1*MORGES*WILFREDO****XX*1871007377~DTM*232*20200605~DTM*233*20200605~DTM*050*20200630~AMT*AU*45.67~SVC*HC:99214:95*280*0~CAS*OA*23*262.33~CAS*CO*45*17.67~REF*6R*1315251154069~AMT*B6*45.67~CLP*18101160046*2*280*0**MC*20185E015466*11~NM1*QC*1*SMITH*FRANCIS****MI*00900513705~NM1*82*1*MORGES*WILFREDO****XX*1871007377~DTM*232*20200611~DTM*233*20200611~DTM*050*20200630~AMT*AU*45.67~SVC*HC:99214:95*280*0~CAS*OA*23*262.33~CAS*CO*45*17.67~REF*6R*31118101160046~AMT*B6*45.67~CLP*14659175156*1*65*0**MC*20185E015473*11~NM1*QC*1*WISE*NANCY*C***MI*00300271613~NM1*82*1*KOZEE*HOLLY****XX*1467783159~DTM*232*20200619~DTM*233*20200619~DTM*050*20200630~SVC*HC:Q3014*65*0~CAS*CO*16*65~REF*6R*82514659175156~LQ*HE*N245~CLP*5549154080*2*280*0**MC*20185E015474*11~NM1*QC*1*CONLEY*KAREN****MI*00200306482~NM1*82*1*MORGES*WILFREDO****XX*1871007377~DTM*232*20200605~DTM*233*20200605~DTM*050*20200630~AMT*AU*45.67~SVC*HC:99214:95*280*0~CAS*OA*23*262.33~CAS*CO*45*17.67~REF*6R*1465549154080~AMT*B6*45.67~CLP*14676160330*2*180*0**MC*20185E015478*02~NM1*QC*1*HENNEN*SHARON*L***MI*00100054971~NM1*82*1*KOZEE*HOLLY****XX*1467783159~DTM*232*20200612~DTM*233*20200612~DTM*050*20200630~AMT*AU*50.48~SVC*HC:90832:GT*180*0~CAS*OA*23*167.33~CAS*CO*45*12.67~REF*6R*39014676160330~AMT*B6*50.48~CLP*17353175255*1*65*0**MC*20185E015486*11~NM1*QC*1*FRANTZ*CLETA*J***MI*00901870526~NM1*82*1*KOZEE*HOLLY****XX*1467783159~DTM*232*20200619~DTM*233*20200619~DTM*050*20200630~SVC*HC:Q3014*65*0~CAS*CO*16*65~REF*6R*88017353175255~LQ*HE*N245~CLP*16572175204*1*180*0**MC*20185E015491*02~NM1*QC*1*HANLIN*BETTY****MI*00403094621~NM1*82*1*KOZEE*HOLLY****XX*1467783159~DTM*232*20200619~DTM*233*20200619~DTM*050*20200630~SVC*HC:90832:GT*180*0~CAS*CO*16*180~REF*6R*86416572175204~LQ*HE*N245~CLP*14676154301*2*180*0**MC*20185E015506*02~NM1*QC*1*HENNEN*SHARON*L***MI*00100054971~NM1*82*1*KOZEE*HOLLY****XX*1467783159~DTM*232*20200605~DTM*233*20200605~DTM*050*20200630~AMT*AU*50.48~SVC*HC:90832:GT*180*0~CAS*OA*23*167.33~CAS*CO*45*12.67~REF*6R*35814676154301~AMT*B6*50.48~CLP*16890175232*1*65*0**MC*20185E015508*11~NM1*QC*1*TOLLIVER*JOHN*R***MI*00600190496~NM1*82*1*MORGES*WILFREDO****XX*1871007377~DTM*232*20200619~DTM*233*20200619~DTM*050*20200630~SVC*HC:Q3014*65*0~CAS*CO*16*65~REF*6R*87416890175232~LQ*HE*N245~CLP*16574175209*1*65*0**MC*20185E015518*11~NM1*QC*1*SHELBA*SWEIGART*J***MI*00506066932~NM1*82*1*KOZEE*HOLLY****XX*1467783159~DTM*232*20200619~DTM*233*20200619~DTM*050*20200630~SVC*HC:Q3014*65*0~CAS*CO*16*65~REF*6R*86916574175209~LQ*HE*N479~CLP*16572175205*1*65*0**MC*20185E015541*11~NM1*QC*1*HANLIN*BETTY****MI*00403094621~NM1*82*1*KOZEE*HOLLY****XX*1467783159~DTM*232*20200619~DTM*233*20200619~DTM*050*20200630~SVC*HC:Q3014*65*0~CAS*CO*16*65~REF*6R*86516572175205~LQ*HE*N245~CLP*14676175160*1*65*0**MC*20185E015552*11~NM1*QC*1*HENNEN*SHARON*L***MI*00100054971~NM1*82*1*KOZEE*HOLLY****XX*1467783159~DTM*232*20200619~DTM*233*20200619~DTM*050*20200630~SVC*HC:Q3014*65*0~CAS*CO*16*65~REF*6R*82914676175160~LQ*HE*N245~CLP*13718159760*2*280*0**MC*20185E015572*11~NM1*QC*1*MAYLE*GEORGE*M***MI*00600137356~NM1*82*1*MORGES*WILFREDO****XX*1871007377~DTM*232*20200611~DTM*233*20200611~DTM*050*20200630~AMT*AU*45.67~SVC*HC:99214:95*280*0~CAS*OA*23*262.33~CAS*CO*45*17.67~REF*6R*03213718159760~AMT*B6*45.67~CLP*15108160356*2*180*0**MC*20185E015580*02~NM1*QC*1*HAMRICK*BRENDA*L***MI*00901619233~NM1*82*1*KOZEE*HOLLY****XX*1467783159~DTM*232*20200612~DTM*233*20200612~DTM*050*20200630~AMT*AU*50.48~SVC*HC:90832:GT*180*0~CAS*OA*23*167.33~CAS*CO*45*12.67~REF*6R*40515108160356~AMT*B6*50.48~CLP*15108175185*1*65*0**MC*20185E015600*11~NM1*QC*1*HAMRICK*BRENDA*L***MI*00901619233~NM1*82*1*KOZEE*HOLLY****XX*1467783159~DTM*232*20200619~DTM*233*20200619~DTM*050*20200630~SVC*HC:Q3014*65*0~CAS*CO*16*65~REF*6R*85115108175185~LQ*HE*N245~CLP*17353160413*2*180*0**MC*20185E015617*02~NM1*QC*1*FRANTZ*CLETA*J***MI*00901870526~NM1*82*1*KOZEE*HOLLY****XX*1467783159~DTM*232*20200612~DTM*233*20200612~DTM*050*20200630~AMT*AU*50.48~SVC*HC:90832:GT*180*0~CAS*OA*23*167.33~CAS*CO*45*12.67~REF*6R*45217353160413~AMT*B6*50.48~CLP*17420159946*2*180*0**MC*20185E015618*02~NM1*QC*1*BRYANT*DORIS*J***MI*00601361454~NM1*82*1*KOZEE*HOLLY****XX*1467783159~DTM*232*20200611~DTM*233*20200611~DTM*050*20200630~AMT*AU*50.48~SVC*HC:90832:GT*180*0~CAS*OA*23*167.33~CAS*CO*45*12.67~REF*6R*88417420159946~AMT*B6*50.48~CLP*8957175069*1*65*0**MC*20185E015623*11~NM1*QC*1*DYE*NORA*J***MI*00502701601~NM1*82*1*MORGES*WILFREDO****XX*1871007377~DTM*232*20200619~DTM*233*20200619~DTM*050*20200630~SVC*HC:Q3014*65*0~CAS*CO*16*65~REF*6R*7328957175069~LQ*HE*N245~CLP*15360159844*2*180*0**MC*20185E015635*02~NM1*QC*1*PRIDEMORE*PHYLLIS****MI*00100974596~NM1*82*1*KOZEE*HOLLY****XX*1467783159~DTM*232*20200508~DTM*233*20200508~DTM*050*20200630~AMT*AU*50.48~SVC*HC:90832:GT*180*0~CAS*OA*23*167.33~CAS*CO*45*12.67~REF*6R*32315360159844~AMT*B6*50.48~CLP*13632174595*1*65*0**MC*20185E015638*11~NM1*QC*1*BURTON*CATHERINE*L***MI*00205692389~NM1*82*1*KOZEE*HOLLY****XX*1467783159~DTM*232*20200618~DTM*233*20200618~DTM*050*20200630~SVC*HC:Q3014*65*0~CAS*CO*16*65~REF*6R*39113632174595~LQ*HE*N245~CLP*17476160431*2*180*0**MC*20185E015646*02~NM1*QC*1*MARSH*JOHN*O***MI*00700810537~NM1*82*1*KOZEE*HOLLY****XX*1467783159~DTM*232*20200612~DTM*233*20200612~DTM*050*20200630~AMT*AU*50.48~SVC*HC:90832:GT*180*0~CAS*OA*23*167.33~CAS*CO*45*12.67~REF*6R*46417476160431~AMT*B6*50.48~CLP*17852160001*2*280*0**MC*20185E015662*11~NM1*QC*1*WICKENHOFER*FREDA****MI*00903009648~NM1*82*1*MORGES*WILFREDO****XX*1871007377~DTM*232*20200611~DTM*233*20200611~DTM*050*20200630~AMT*AU*45.67~SVC*HC:99214:95*280*0~CAS*OA*23*262.33~CAS*CO*45*17.67~REF*6R*17317852160001~AMT*B6*45.67~CLP*14670160328*2*180*0**MC*20185E015671*02~NM1*QC*1*SIMS*HAROLD****MI*00103230354~NM1*82*1*KOZEE*HOLLY****XX*1467783159~DTM*232*20200612~DTM*233*20200612~DTM*050*20200630~AMT*AU*50.48~SVC*HC:90832:GT*180*0~CAS*OA*23*167.33~CAS*CO*45*12.67~REF*6R*38814670160328~AMT*B6*50.48~CLP*13507159752*2*280*0**MC*20185E015680*11~NM1*QC*1*STUMP*IRIS*R***MI*00504733069~NM1*82*1*MORGES*WILFREDO****XX*1871007377~DTM*232*20200611~DTM*233*20200611~DTM*050*20200630~AMT*AU*45.67~SVC*HC:99214:95*280*0~CAS*OA*23*262.33~CAS*CO*45*17.67~REF*6R*00713507159752~AMT*B6*45.67~CLP*16861159895*2*280*0**MC*20185E015686*11~NM1*QC*1*DAVIS*CARL*E***MI*00900083739~NM1*82*1*MORGES*WILFREDO****XX*1871007377~DTM*232*20200611~DTM*233*20200611~DTM*050*20200630~AMT*AU*45.67~SVC*HC:99214:95*280*0~CAS*OA*23*262.33~CAS*CO*45*17.67~REF*6R*88416861159895~AMT*B6*45.67~CLP*5768154086*2*280*0**MC*20185E015689*11~NM1*QC*1*DUHON*MAXINE*E***MI*00302704666~NM1*82*1*MORGES*WILFREDO****XX*1871007377~DTM*232*20200605~DTM*233*20200605~DTM*050*20200630~AMT*AU*45.67~SVC*HC:99214:95*280*0~CAS*OA*23*262.33~CAS*CO*45*17.67~REF*6R*1505768154086~AMT*B6*45.67~CLP*17195159926*2*180*0**MC*20185E015702*02~NM1*QC*1*MOONEY*THERON****MI*00605924169~NM1*82*1*KOZEE*HOLLY****XX*1467783159~DTM*232*20200611~DTM*233*20200611~DTM*050*20200630~AMT*AU*50.48~SVC*HC:90832:GT*180*0~CAS*OA*23*167.33~CAS*CO*45*12.67~REF*6R*80117195159926~AMT*B6*50.48~CLP*17355160414*2*180*0**MC*20185E015728*02~NM1*QC*1*LEASE*CLARA****MI*00600177346~NM1*82*1*KOZEE*HOLLY****XX*1467783159~DTM*232*20200612~DTM*233*20200612~DTM*050*20200630~AMT*AU*50.48~SVC*HC:90832:GT*180*0~CAS*OA*23*167.33~CAS*CO*45*12.67~REF*6R*45417355160414~AMT*B6*50.48~CLP*13632174596*1*65*0**MC*20185E015733*11~NM1*QC*1*BURTON*CATHERINE*L***MI*00205692389~NM1*82*1*MORGES*WILFREDO****XX*1871007377~DTM*232*20200618~DTM*233*20200618~DTM*050*20200630~SVC*HC:Q3014*65*0~CAS*CO*16*65~REF*6R*16013632174596~LQ*HE*N245~CLP*15207172690*2*280*0**MC*20185E015758*11~NM1*QC*1*HARDWAY*EDWIN*A***MI*00700378117~NM1*82*1*MORGES*WILFREDO****XX*1871007377~DTM*232*20200615~DTM*233*20200615~DTM*050*20200701~AMT*AU*45.67~SVC*HC:99214:95*280*0~CAS*OA*23*262.33~CAS*CO*45*17.67~REF*6R*43415207172690~AMT*B6*45.67~CLP*14713160332*2*180*0**MC*20185E015763*02~NM1*QC*1*FLOWERS*LESLIE****MI*00700329307~NM1*82*1*KOZEE*HOLLY****XX*1467783159~DTM*232*20200612~DTM*233*20200612~DTM*050*20200630~AMT*AU*50.48~SVC*HC:90832:GT*180*0~CAS*OA*23*167.33~CAS*CO*45*12.67~REF*6R*39314713160332~AMT*B6*50.48~CLP*14670175157*1*65*0**MC*20185E015765*11~NM1*QC*1*SIMS*HAROLD****MI*00103230354~NM1*82*1*KOZEE*HOLLY****XX*1467783159~DTM*232*20200619~DTM*233*20200619~DTM*050*20200630~SVC*HC:Q3014*65*0~CAS*CO*16*65~REF*6R*82614670175157~LQ*HE*N245~CLP*15102154323*2*180*0**MC*20185E015779*02~NM1*QC*1*MARRA*LAWRENCE****MI*00001396903~NM1*82*1*KOZEE*HOLLY****XX*1467783159~DTM*232*20200605~DTM*233*20200605~DTM*050*20200630~AMT*AU*50.48~SVC*HC:90832:GT*180*0~CAS*OA*23*167.33~CAS*CO*45*12.67~REF*6R*36915102154323~AMT*B6*50.48~CLP*15148179223*1*65*0**MC*20185E015784*11~NM1*QC*1*COPNEY*THERESA*M***MI*00500816558~NM1*82*1*MORGES*WILFREDO****XX*1871007377~DTM*232*20200622~DTM*233*20200622~DTM*050*20200701~SVC*HC:Q3014*65*0~CAS*CO*16*65~REF*6R*24715148179223~LQ*HE*N479~CLP*5768175004*1*65*0**MC*20185E015789*11~NM1*QC*1*DUHON*MAXINE*E***MI*00302704666~NM1*82*1*MORGES*WILFREDO****XX*1871007377~DTM*232*20200619~DTM*233*20200619~DTM*050*20200701~SVC*HC:Q3014*65*0~CAS*CO*16*65~REF*6R*6935768175004~LQ*HE*N245~CLP*14713175162*1*65*0**MC*20185E015791*11~NM1*QC*1*FLOWERS*LESLIE****MI*00700329307~NM1*82*1*KOZEE*HOLLY****XX*1467783159~DTM*232*20200619~DTM*233*20200619~DTM*050*20200630~SVC*HC:Q3014*65*0~CAS*CO*16*65~REF*6R*83114713175162~LQ*HE*N245~CLP*17471154427*2*180*0**MC*20185E015797*02~NM1*QC*1*CURREY*KEVIN*D***MI*00600137216~NM1*82*1*KOZEE*HOLLY****XX*1467783159~DTM*232*20200605~DTM*233*20200605~DTM*050*20200630~AMT*AU*50.48~SVC*HC:90832:GT*180*0~CAS*OA*23*167.33~CAS*CO*45*12.67~REF*6R*63917471154427~AMT*B6*50.48~CLP*6165154098*2*280*0**MC*20185E015802*11~NM1*QC*1*HARMON*THOMAS*R***MI*00800283848~NM1*82*1*MORGES*WILFREDO****XX*1871007377~DTM*232*20200605~DTM*233*20200605~DTM*050*20200630~AMT*AU*45.67~SVC*HC:99214:95*280*0~CAS*OA*23*262.33~CAS*CO*45*17.67~REF*6R*1846165154098~AMT*B6*45.67~CLP*15206172689*2*280*0**MC*20185E015823*11~NM1*QC*1*GLOVER*JEFFREY*D***MI*00700328457~NM1*82*1*MORGES*WILFREDO****XX*1871007377~DTM*232*20200615~DTM*233*20200615~DTM*050*20200701~AMT*AU*45.67~SVC*HC:99214:95*280*0~CAS*OA*23*262.33~CAS*CO*45*17.67~REF*6R*43315206172689~AMT*B6*45.67~CLP*15102175178*1*65*0**MC*20185E015839*11~NM1*QC*1*MARRA*LAWRENCE****MI*00001396903~NM1*82*1*KOZEE*HOLLY****XX*1467783159~DTM*232*20200619~DTM*233*20200619~DTM*050*20200630~SVC*HC:Q3014*65*0~CAS*CO*16*65~REF*6R*84615102175178~LQ*HE*N245~CLP*15303172710*2*280*0**MC*20185E015842*11~NM1*QC*1*SUMMERS*DELORES*J***MI*00903592945~NM1*82*1*MORGES*WILFREDO****XX*1871007377~DTM*232*20200615~DTM*233*20200615~DTM*050*20200701~AMT*AU*45.67~SVC*HC:99214:95*280*0~CAS*OA*23*262.33~CAS*CO*45*17.67~REF*6R*44415303172710~AMT*B6*45.67~CLP*17471160425*2*180*0**MC*20185E015852*02~NM1*QC*1*CURREY*KEVIN*D***MI*00600137216~NM1*82*1*KOZEE*HOLLY****XX*1467783159~DTM*232*20200612~DTM*233*20200612~DTM*050*20200630~AMT*AU*50.48~SVC*HC:90832:GT*180*0~CAS*OA*23*167.33~CAS*CO*45*12.67~REF*6R*46217471160425~AMT*B6*50.48~CLP*8536175060*1*65*0**MC*20185E015861*11~NM1*QC*1*CLEMONS*SHARON****MI*00002180096~NM1*82*1*MORGES*WILFREDO****XX*1871007377~DTM*232*20200619~DTM*233*20200619~DTM*050*20200630~SVC*HC:Q3014*65*0~CAS*CO*16*65~REF*6R*7298536175060~LQ*HE*N245~CLP*17471175264*1*65*0**MC*20185E015869*11~NM1*QC*1*CURREY*KEVIN*D***MI*00600137216~NM1*82*1*KOZEE*HOLLY****XX*1467783159~DTM*232*20200619~DTM*233*20200619~DTM*050*20200630~SVC*HC:Q3014*65*0~CAS*CO*16*65~REF*6R*88917471175264~LQ*HE*N245~CLP*5401154074*2*280*0**MC*20185E015896*11~NM1*QC*1*BUTCHER*RUBY****MI*00902890641~NM1*82*1*MORGES*WILFREDO****XX*1871007377~DTM*232*20200605~DTM*233*20200605~DTM*050*20200630~AMT*AU*45.67~SVC*HC:99214:95*280*0~CAS*OA*23*262.33~CAS*CO*45*17.67~REF*6R*1415401154074~AMT*B6*45.67~CLP*15152172681*2*280*0**MC*20185E015905*11~NM1*QC*1*EDDY*DONNA****MI*00200118134~NM1*82*1*MORGES*WILFREDO****XX*1871007377~DTM*232*20200615~DTM*233*20200615~DTM*050*20200701~AMT*AU*45.67~SVC*HC:99214:95*280*0~CAS*OA*23*262.33~CAS*CO*45*17.67~REF*6R*42715152172681~AMT*B6*45.67~CLP*15204179229*1*65*0**MC*20185E015933*11~NM1*QC*1*GIGLIOTTI*JOSEPH****MI*00905140878~NM1*82*1*MORGES*WILFREDO****XX*1871007377~DTM*232*20200622~DTM*233*20200622~DTM*050*20200701~SVC*HC:Q3014*65*0~CAS*CO*16*65~REF*6R*25315204179229~LQ*HE*N245~CLP*18159172868*2*280*0**MC*20185E015992*11~NM1*QC*1*VINCENT*MYRON****MI*00800367238~NM1*82*1*MORGES*WILFREDO****XX*1871007377~DTM*232*20200615~DTM*233*20200615~DTM*050*20200701~AMT*AU*45.67~SVC*HC:99214:95*280*0~CAS*OA*23*262.33~CAS*CO*45*17.67~REF*6R*52818159172868~AMT*B6*45.67~CLP*15311172718*2*280*0**MC*20185E016058*11~NM1*QC*1*WATSON*ROBERT****MI*00306055568~NM1*82*1*MORGES*WILFREDO****XX*1871007377~DTM*232*20200615~DTM*233*20200615~DTM*050*20200701~AMT*AU*45.67~SVC*HC:99214:95*280*0~CAS*OA*23*262.33~CAS*CO*45*17.67~REF*6R*45215311172718~AMT*B6*45.67~CLP*15312172721*2*280*0**MC*20185E016062*11~NM1*QC*1*WAYBRIGHT*CHARLES*E***MI*00702051474~NM1*82*1*MORGES*WILFREDO****XX*1871007377~DTM*232*20200615~DTM*233*20200615~DTM*050*20200701~AMT*AU*45.67~SVC*HC:99214:95*280*0~CAS*OA*23*262.33~CAS*CO*45*17.67~REF*6R*45515312172721~AMT*B6*45.67~CLP*15287147162*2*280*0**MC*20185E016077*11~NM1*QC*1*MAINELLA*JULIA****MI*00001614709~NM1*82*1*MORGES*WILFREDO****XX*1871007377~DTM*232*20200525~DTM*233*20200525~DTM*050*20200701~AMT*AU*45.67~SVC*HC:99214:GW:95*280*0~CAS*OA*23*262.33~CAS*CO*45*17.67~REF*6R*62215287147162~AMT*B6*45.67~CLP*15308172715*2*280*0**MC*20185E016103*11~NM1*QC*1*VANDETTA*FANNIE*A***MI*00803698144~NM1*82*1*MORGES*WILFREDO****XX*1871007377~DTM*232*20200615~DTM*233*20200615~DTM*050*20200701~AMT*AU*45.67~SVC*HC:99214:95:GW*280*0~CAS*OA*23*262.33~CAS*CO*45*17.67~REF*6R*44915308172715~AMT*B6*45.67~CLP*15069172665*2*280*0**MC*20185E016156*11~NM1*QC*1*ZOPFI*WILLA*J***MI*00405696034~NM1*82*1*MORGES*WILFREDO****XX*1871007377~DTM*232*20200615~DTM*233*20200615~DTM*050*20200701~AMT*AU*45.67~SVC*HC:99214:95*280*0~CAS*OA*23*262.33~CAS*CO*45*17.67~REF*6R*34415069172665~AMT*B6*45.67~CLP*14844179190*1*65*0**MC*20185E016215*11~NM1*QC*1*CARBONE*MARY****MI*00204710967~NM1*82*1*MORGES*WILFREDO****XX*1871007377~DTM*232*20200622~DTM*233*20200622~DTM*050*20200701~SVC*HC:Q3014*65*0~CAS*CO*16*65~REF*6R*22614844179190~LQ*HE*N245~CLP*17355175257*1*65*0**MC*20185E016251*11~NM1*QC*1*LEASE*CLARA****MI*00600177346~NM1*82*1*KOZEE*HOLLY****XX*1467783159~DTM*232*20200619~DTM*233*20200619~DTM*050*20200701~SVC*HC:Q3014*65*0~CAS*CO*16*65~REF*6R*88217355175257~LQ*HE*N245~CLP*15202172684*2*280*0**MC*20185E016332*11~NM1*QC*1*FLUHARTY*BETTY****MI*00706102064~NM1*82*1*MORGES*WILFREDO****XX*1871007377~DTM*232*20200615~DTM*233*20200615~DTM*050*20200701~AMT*AU*45.67~SVC*HC:99214:95*280*0~CAS*OA*23*262.33~CAS*CO*45*17.67~REF*6R*42915202172684~AMT*B6*45.67~CLP*15305172712*2*280*0**MC*20185E016354*11~NM1*QC*1*THOMAS*MARY****MI*00505289497~NM1*82*1*MORGES*WILFREDO****XX*1871007377~DTM*232*20200615~DTM*233*20200615~DTM*050*20200701~AMT*AU*45.67~SVC*HC:99214:95*280*0~CAS*OA*23*262.33~CAS*CO*45*17.67~REF*6R*44615305172712~AMT*B6*45.67~CLP*15310172717*2*280*0**MC*20185E016356*11~NM1*QC*1*VINCENT*MARY****MI*00803797048~NM1*82*1*MORGES*WILFREDO****XX*1871007377~DTM*232*20200615~DTM*233*20200615~DTM*050*20200701~AMT*AU*45.67~SVC*HC:99214:95*280*0~CAS*OA*23*262.33~CAS*CO*45*17.67~REF*6R*45115310172717~AMT*B6*45.67~CLP*15302172709*2*280*0**MC*20185E016363*11~NM1*QC*1*STOLLER*MAXINE****MI*00804163744~NM1*82*1*MORGES*WILFREDO****XX*1871007377~DTM*232*20200615~DTM*233*20200615~DTM*050*20200701~AMT*AU*45.67~SVC*HC:99214:95*280*0~CAS*OA*23*262.33~CAS*CO*45*17.67~REF*6R*44315302172709~AMT*B6*45.67~CLP*15147172679*2*280*0**MC*20185E016439*11~NM1*QC*1*COBURN*DOROTHY*E***MI*00003075706~NM1*82*1*MORGES*WILFREDO****XX*1871007377~DTM*232*20200615~DTM*233*20200615~DTM*050*20200701~AMT*AU*45.67~SVC*HC:99214:95:GW*280*0~CAS*OA*23*262.33~CAS*CO*45*17.67~REF*6R*41915147172679~AMT*B6*45.67~CLP*15091179210*1*65*0**MC*20185E016458*11~NM1*QC*1*CAYTON*BETTY****MI*00800047364~NM1*82*1*MORGES*WILFREDO****XX*1871007377~DTM*232*20200622~DTM*233*20200622~DTM*050*20200701~SVC*HC:Q3014*65*0~CAS*CO*16*65~REF*6R*23415091179210~LQ*HE*N245~CLP*14833172641*2*280*0**MC*20185E016478*11~NM1*QC*1*YOST*DORIS****MI*00400430651~NM1*82*1*MORGES*WILFREDO****XX*1871007377~DTM*232*20200615~DTM*233*20200615~DTM*050*20200701~AMT*AU*45.67~SVC*HC:99214:95*280*0~CAS*OA*23*262.33~CAS*CO*45*17.67~REF*6R*30814833172641~AMT*B6*45.67~CLP*15295172705*2*280*0**MC*20185E016574*11~NM1*QC*1*PRICE*BETTIE****MI*00305277566~NM1*82*1*MORGES*WILFREDO****XX*1871007377~DTM*232*20200615~DTM*233*20200615~DTM*050*20200701~AMT*AU*45.67~SVC*HC:99214:95*280*0~CAS*CO*16*280~REF*6R*44115295172705~AMT*B6*45.67~LQ*HE*N479~CLP*16970179288*1*65*0**MC*20185E016602*11~NM1*QC*1*CAMPBELL*MARK****MI*00803926138~NM1*82*1*MORGES*WILFREDO****XX*1871007377~DTM*232*20200622~DTM*233*20200622~DTM*050*20200701~SVC*HC:Q3014*65*0~CAS*CO*16*65~REF*6R*29016970179288~LQ*HE*N245~CLP*14842172645*2*280*0**MC*20185E016624*11~NM1*QC*1*GILLESPIE*SYLVIA****MI*00902176704~NM1*82*1*MORGES*WILFREDO****XX*1871007377~DTM*232*20200615~DTM*233*20200615~DTM*050*20200701~AMT*AU*45.67~SVC*HC:99214:95*280*0~CAS*OA*23*262.33~CAS*CO*45*17.67~REF*6R*31214842172645~AMT*B6*45.67~CLP*12734160277*2*280*0**MC*20185E017157*11~NM1*QC*1*BUCKNER*DANIEL*L***MI*00400005284~NM1*82*1*ACOSTA*LESLIE****XX*1992191159~DTM*232*20200612~DTM*233*20200612~DTM*050*20200630~AMT*AU*45.67~SVC*HC:99214:95*280*0~CAS*OA*23*262.33~CAS*CO*45*17.67~REF*6R*35112734160277~AMT*B6*45.67~CLP*11993154238*2*280*0**MC*20185E017198*11~NM1*QC*1*LEWIS*SULA****MI*00204774034~NM1*82*1*ACOSTA*LESLIE****XX*1992191159~DTM*232*20200605~DTM*233*20200605~DTM*050*20200630~AMT*AU*45.67~SVC*HC:99214:95*280*0~CAS*OA*23*262.33~CAS*CO*45*17.67~REF*6R*33511993154238~AMT*B6*45.67~CLP*11993175116*1*65*0**MC*20185E017199*11~NM1*QC*1*LEWIS*SULA****MI*00204774034~NM1*82*1*ACOSTA*LESLIE****XX*1992191159~DTM*232*20200619~DTM*233*20200619~DTM*050*20200630~SVC*HC:Q3014*65*0~CAS*CO*16*65~REF*6R*76111993175116~LQ*HE*N245~CLP*17969160022*2*280*0**MC*20185E017219*11~NM1*QC*1*MILLS*GERALD*E***MI*00200367782~NM1*82*1*WILKERSON*SABRINA****XX*1760789101~DTM*232*20200608~DTM*233*20200608~DTM*050*20200630~AMT*AU*45.67~SVC*HC:99214:95*280*0~CAS*OA*23*262.33~CAS*CO*45*17.67~REF*6R*90917969160022~AMT*B6*45.67~CLP*5366160175*2*280*0**MC*20185E017227*11~NM1*QC*1*BUCKNER*MANUEL*D***MI*00500000135~NM1*82*1*ACOSTA*LESLIE****XX*1992191159~DTM*232*20200612~DTM*233*20200612~DTM*050*20200630~AMT*AU*45.67~SVC*HC:99214:95*280*0~CAS*OA*23*262.33~CAS*CO*45*17.67~REF*6R*2825366160175~AMT*B6*45.67~CLP*7412158935*2*280*0**MC*20185E017253*11~NM1*QC*1*RUSHBROOK*SHARON*E***MI*00300427683~NM1*82*1*ACOSTA*LESLIE****XX*1992191159~DTM*232*20200610~DTM*233*20200610~DTM*050*20200630~AMT*AU*45.67~SVC*HC:99214:95*280*0~CAS*OA*23*262.33~CAS*CO*45*17.67~REF*6R*7347412158935~AMT*B6*45.67~CLP*15072160348*2*280*0**MC*20185E017254*11~NM1*QC*1*MCDANIELS*EVELYN*R***MI*00404004686~NM1*82*1*WILKERSON*SABRINA****XX*1760789101~DTM*232*20200609~DTM*233*20200609~DTM*050*20200630~AMT*AU*45.67~SVC*HC:99214:95*280*0~CAS*OA*23*262.33~CAS*CO*45*17.67~REF*6R*82915072160348~AMT*B6*45.67~CLP*15070159806*2*280*0**MC*20185E017274*11~NM1*QC*1*BARCUS*SHIRLEY****MI*00903262292~NM1*82*1*WILKERSON*SABRINA****XX*1760789101~DTM*232*20200609~DTM*233*20200609~DTM*050*20200630~AMT*AU*45.67~SVC*HC:99214:95*280*0~CAS*OA*23*262.33~CAS*CO*45*17.67~REF*6R*86015070159806~AMT*B6*45.67~CLP*17950175293*1*65*0**MC*20185E017298*11~NM1*QC*1*TAYLOR*EDDIE****MI*00100084841~NM1*82*1*ACOSTA*LESLIE****XX*1992191159~DTM*232*20200619~DTM*233*20200619~DTM*050*20200630~SVC*HC:Q3014*65*0~CAS*CO*16*65~REF*6R*89817950175293~LQ*HE*N245~CLP*17122159241*2*280*0**MC*20185E017320*11~NM1*QC*1*FINLEY*BETTY****MI*00602349379~NM1*82*1*ACOSTA*LESLIE****XX*1992191159~DTM*232*20200610~DTM*233*20200610~DTM*050*20200630~AMT*AU*45.67~SVC*HC:99214:95*280*0~CAS*OA*23*262.33~CAS*CO*45*17.67~REF*6R*71517122159241~AMT*B6*45.67~CLP*13362160288*2*280*0**MC*20185E017321*11~NM1*QC*1*HALL*FRANK****MI*00700185668~NM1*82*1*ACOSTA*LESLIE****XX*1992191159~DTM*232*20200612~DTM*233*20200612~DTM*050*20200630~AMT*AU*45.67~SVC*HC:99214:95*280*0~CAS*OA*23*262.33~CAS*CO*45*17.67~REF*6R*35913362160288~AMT*B6*45.67~CLP*17708175275*1*65*0**MC*20185E017347*11~NM1*QC*1*NEECE*OPAL****MI*00100274621~NM1*82*1*ACOSTA*LESLIE****XX*1992191159~DTM*232*20200619~DTM*233*20200619~DTM*050*20200630~SVC*HC:Q3014*65*0~CAS*CO*16*65~REF*6R*89017708175275~LQ*HE*N245~CLP*5221158896*2*280*0**MC*20185E017349*11~NM1*QC*1*BLANKENSHIP*ALVEN****MI*00400816122~NM1*82*1*ACOSTA*LESLIE****XX*1992191159~DTM*232*20200610~DTM*233*20200610~DTM*050*20200630~AMT*AU*45.67~SVC*HC:99214:95*280*0~CAS*OA*23*262.33~CAS*CO*45*17.67~REF*6R*3825221158896~AMT*B6*45.67~CLP*16656159203*2*280*0**MC*20185E017353*11~NM1*QC*1*GILLESPIE*LINDA*S***MI*00600290588~NM1*82*1*ACOSTA*LESLIE****XX*1992191159~DTM*232*20200610~DTM*233*20200610~DTM*050*20200630~AMT*AU*45.67~SVC*HC:99214:95*280*0~CAS*OA*23*262.33~CAS*CO*45*17.67~REF*6R*67316656159203~AMT*B6*45.67~CLP*9740160255*2*280*0**MC*20185E017393*11~NM1*QC*1*KING*DEBRA****MI*00101698519~NM1*82*1*ACOSTA*LESLIE****XX*1992191159~DTM*232*20200612~DTM*233*20200612~DTM*050*20200630~AMT*AU*45.67~SVC*HC:99214:95*280*0~CAS*OA*23*262.33~CAS*CO*45*17.67~REF*6R*3419740160255~AMT*B6*45.67~CLP*5411158901*2*280*0**MC*20185E017395*11~NM1*QC*1*CALDWELL*VELMA*L***MI*00606112685~NM1*82*1*ACOSTA*LESLIE****XX*1992191159~DTM*232*20200610~DTM*233*20200610~DTM*050*20200630~AMT*AU*45.67~SVC*HC:99214:95*280*0~CAS*CO*16*280~REF*6R*3865411158901~AMT*B6*45.67~LQ*HE*N479~CLP*7637154113*2*280*0**MC*20185E017417*11~NM1*QC*1*SPEARS*BARBARA****MI*00305453536~NM1*82*1*ACOSTA*LESLIE****XX*1992191159~DTM*232*20200605~DTM*233*20200605~DTM*050*20200630~AMT*AU*45.67~SVC*HC:99214:95*280*0~CAS*CO*16*280~REF*6R*2567637154113~AMT*B6*45.67~LQ*HE*N479~CLP*7543158938*2*280*0**MC*20185E017444*11~NM1*QC*1*SHRADER*MARY*A***MI*00000194210~NM1*82*1*ACOSTA*LESLIE****XX*1992191159~DTM*232*20200610~DTM*233*20200610~DTM*050*20200630~AMT*AU*45.67~SVC*HC:99214:95*280*0~CAS*OA*23*262.33~CAS*CO*45*17.67~REF*6R*7357543158938~AMT*B6*45.67~CLP*9825154213*2*280*0**MC*20185E017468*11~NM1*QC*1*EDWARDS*LINDA****MI*00300336565~NM1*82*1*ACOSTA*LESLIE****XX*1992191159~DTM*232*20200605~DTM*233*20200605~DTM*050*20200630~AMT*AU*45.67~SVC*HC:99214:95*280*0~CAS*OA*23*262.33~CAS*CO*45*17.67~REF*6R*3189825154213~AMT*B6*45.67~CLP*17109159919*2*280*0**MC*20185E017484*11~NM1*QC*1*CLAY*PATRICIA****MI*00905581236~NM1*82*1*WILKERSON*SABRINA****XX*1760789101~DTM*232*20200608~DTM*233*20200608~DTM*050*20200630~AMT*AU*45.67~SVC*HC:99214:95*280*0~CAS*OA*23*262.33~CAS*CO*45*17.67~REF*6R*89017109159919~AMT*B6*45.67~CLP*17970160023*2*280*0**MC*20185E017500*11~NM1*QC*1*LUSK*KATHLEEN****MI*00105924106~NM1*82*1*WILKERSON*SABRINA****XX*1760789101~DTM*232*20200608~DTM*233*20200608~DTM*050*20200630~AMT*AU*45.67~SVC*HC:99214:95*280*0~CAS*OA*23*262.33~CAS*CO*45*17.67~REF*6R*91817970160023~AMT*B6*45.67~CLP*8028154119*2*280*0**MC*20185E017507*11~NM1*QC*1*WHITT*LINDA*L***MI*00000272470~NM1*82*1*ACOSTA*LESLIE****XX*1992191159~DTM*232*20200605~DTM*233*20200605~DTM*050*20200630~AMT*AU*45.67~SVC*HC:99214:95*280*0~CAS*OA*23*262.33~CAS*CO*45*17.67~REF*6R*2628028154119~AMT*B6*45.67~CLP*13479160294*2*280*0**MC*20185E017522*11~NM1*QC*1*ANDREWS*OTTO****MI*00700044347~NM1*82*1*WILKERSON*SABRINA****XX*1760789101~DTM*232*20200609~DTM*233*20200609~DTM*050*20200630~AMT*AU*45.67~SVC*HC:99214:95*280*0~CAS*OA*23*262.33~CAS*CO*45*17.67~REF*6R*63713479160294~AMT*B6*45.67~CLP*15120159815*2*280*0**MC*20185E017524*11~NM1*QC*1*KELLY*DONNA*C***MI*00204594761~NM1*82*1*WILKERSON*SABRINA****XX*1760789101~DTM*232*20200608~DTM*233*20200608~DTM*050*20200630~AMT*AU*45.67~SVC*HC:99214:95*280*0~CAS*OA*23*262.33~CAS*CO*45*17.67~REF*6R*87015120159815~AMT*B6*45.67~CLP*9825175102*1*65*0**MC*20185E017541*11~NM1*QC*1*EDWARDS*LINDA****MI*00300336565~NM1*82*1*ACOSTA*LESLIE****XX*1992191159~DTM*232*20200619~DTM*233*20200619~DTM*050*20200630~SVC*HC:Q3014*65*0~CAS*CO*16*65~REF*6R*7519825175102~LQ*HE*N245~CLP*16697153390*2*120*0**MC*20185E017569*11~NM1*QC*1*WILLIAMS*OPAL****MI*00304918662~NM1*82*1*WILKERSON*SABRINA****XX*1760789101~DTM*232*20200512~DTM*233*20200512~DTM*050*20200630~SVC*HC:99484*120*0~CAS*CO*16*120~REF*6R*75216697153390~LQ*HE*N479~CLP*7604158939*2*280*0**MC*20185E017573*11~NM1*QC*1*SMITH*ANITA*F***MI*00700469567~NM1*82*1*ACOSTA*LESLIE****XX*1992191159~DTM*232*20200610~DTM*233*20200610~DTM*050*20200630~AMT*AU*45.67~SVC*HC:99214:95*280*0~CAS*OA*23*262.33~CAS*CO*45*17.67~REF*6R*7367604158939~AMT*B6*45.67~CLP*6033158916*2*280*0**MC*20185E017576*11~NM1*QC*1*GONZALEZ*RAMONA****MI*00101065344~NM1*82*1*ACOSTA*LESLIE****XX*1992191159~DTM*232*20200610~DTM*233*20200610~DTM*050*20200630~AMT*AU*45.67~SVC*HC:99214:95*280*0~CAS*OA*23*262.33~CAS*CO*45*17.67~REF*6R*3946033158916~AMT*B6*45.67~CLP*8930158991*2*280*0**MC*20185E017579*11~NM1*QC*1*SINER*CALVIN*L***MI*00700046787~NM1*82*1*ACOSTA*LESLIE****XX*1992191159~DTM*232*20200610~DTM*233*20200610~DTM*050*20200630~AMT*AU*45.67~SVC*HC:99214:95*280*0~CAS*OA*23*262.33~CAS*CO*45*17.67~REF*6R*7388930158991~AMT*B6*45.67~CLP*8028175043*1*65*0**MC*20185E017581*11~NM1*QC*1*WHITT*LINDA*L***MI*00000272470~NM1*82*1*ACOSTA*LESLIE****XX*1992191159~DTM*232*20200619~DTM*233*20200619~DTM*050*20200630~SVC*HC:Q3014*65*0~CAS*CO*16*65~REF*6R*7188028175043~LQ*HE*N245~CLP*17436160416*2*280*0**MC*20185E017600*11~NM1*QC*1*CEREPES*SHARON****MI*00901473505~NM1*82*1*ACOSTA*LESLIE****XX*1992191159~DTM*232*20200612~DTM*233*20200612~DTM*050*20200630~AMT*AU*45.67~SVC*HC:99214:95*280*0~CAS*OA*23*262.33~CAS*CO*45*17.67~REF*6R*45617436160416~AMT*B6*45.67~CLP*12745160278*2*280*0**MC*20185E017602*11~NM1*QC*1*ADKINS*RONALD*G***MI*00800096978~NM1*82*1*ACOSTA*LESLIE****XX*1992191159~DTM*232*20200612~DTM*233*20200612~DTM*050*20200630~AMT*AU*45.67~SVC*HC:99214:95*280*0~CAS*OA*23*262.33~CAS*CO*45*17.67~REF*6R*35212745160278~AMT*B6*45.67~CLP*13367154262*2*280*0**MC*20185E017608*11~NM1*QC*1*ELLIS*BETTY****MI*00605566016~NM1*82*1*ACOSTA*LESLIE****XX*1992191159~DTM*232*20200605~DTM*233*20200605~DTM*050*20200630~AMT*AU*45.67~SVC*HC:99214:95*280*0~CAS*CO*16*280~REF*6R*33913367154262~AMT*B6*45.67~LQ*HE*N479~CLP*5315154072*2*280*0**MC*20185E017619*11~NM1*QC*1*BROCE*BRETT*M***MI*00301618921~NM1*82*1*ACOSTA*LESLIE****XX*1992191159~DTM*232*20200605~DTM*233*20200605~DTM*050*20200630~AMT*AU*45.67~SVC*HC:99214:95*280*0~CAS*OA*23*262.33~CAS*CO*45*17.67~REF*6R*1395315154072~AMT*B6*45.67~CLP*6108160190*2*280*0**MC*20185E017627*11~NM1*QC*1*HAGER*LONNIE****MI*00900304009~NM1*82*1*ACOSTA*LESLIE****XX*1992191159~DTM*232*20200612~DTM*233*20200612~DTM*050*20200630~AMT*AU*45.67~SVC*HC:99214:95*280*0~CAS*OA*23*262.33~CAS*CO*45*17.67~REF*6R*2956108160190~AMT*B6*45.67~CLP*17126160399*2*280*0**MC*20185E017628*11~NM1*QC*1*HAWKINS*VERNON****MI*00901703871~NM1*82*1*ACOSTA*LESLIE****XX*1992191159~DTM*232*20200612~DTM*233*20200612~DTM*050*20200630~AMT*AU*45.67~SVC*HC:99214:95*280*0~CAS*OA*23*262.33~CAS*CO*45*17.67~REF*6R*44017126160399~AMT*B6*45.67~CLP*17936154452*2*280*0**MC*20185E017640*11~NM1*QC*1*GIBSON*DANNY*L***MI*00600686847~NM1*82*1*ACOSTA*LESLIE****XX*1992191159~DTM*232*20200605~DTM*233*20200605~DTM*050*20200630~AMT*AU*45.67~SVC*HC:99214:95*280*0~CAS*OA*23*262.33~CAS*CO*45*17.67~REF*6R*69017936154452~AMT*B6*45.67~CLP*17439160418*2*280*0**MC*20185E017647*11~NM1*QC*1*BARKER*ALICE****MI*00706158149~NM1*82*1*ACOSTA*LESLIE****XX*1992191159~DTM*232*20200612~DTM*233*20200612~DTM*050*20200630~AMT*AU*45.67~SVC*HC:99214:95*280*0~CAS*OA*23*262.33~CAS*CO*45*17.67~REF*6R*45817439160418~AMT*B6*45.67~CLP*15172159822*2*280*0**MC*20185E017665*11~NM1*QC*1*PRIOLO*MARLENE****MI*00904006033~NM1*82*1*WILKERSON*SABRINA****XX*1760789101~DTM*232*20200608~DTM*233*20200608~DTM*050*20200630~AMT*AU*45.67~SVC*HC:99214:95*280*0~CAS*OA*23*262.33~CAS*CO*45*17.67~REF*6R*87615172159822~AMT*B6*45.67~CLP*17951175296*1*65*0**MC*20185E017676*11~NM1*QC*1*WOODS*CONNIE*S***MI*00100438915~NM1*82*1*ACOSTA*LESLIE****XX*1992191159~DTM*232*20200619~DTM*233*20200619~DTM*050*20200630~SVC*HC:Q3014*65*0~CAS*CO*16*65~REF*6R*90117951175296~LQ*HE*N245~CLP*5681158908*2*280*0**MC*20185E017689*11~NM1*QC*1*DAVIS*BETTY****MI*00803240322~NM1*82*1*ACOSTA*LESLIE****XX*1992191159~DTM*232*20200610~DTM*233*20200610~DTM*050*20200630~AMT*AU*45.67~SVC*HC:99214:95:GW*280*0~CAS*OA*23*262.33~CAS*CO*45*17.67~REF*6R*3905681158908~AMT*B6*45.67~CLP*15180175191*1*65*0**MC*20185E017699*11~NM1*QC*1*CONLEY*ETHEL*M***MI*00300681631~NM1*82*1*ACOSTA*LESLIE****XX*1992191159~DTM*232*20200619~DTM*233*20200619~DTM*050*20200630~SVC*HC:Q3014*65*0~CAS*CO*16*65~REF*6R*85715180175191~LQ*HE*N245~CLP*5526160180*2*280*0**MC*20185E017710*11~NM1*QC*1*COLE*CHARLES*W***MI*00300283863~NM1*82*1*ACOSTA*LESLIE****XX*1992191159~DTM*232*20200612~DTM*233*20200612~DTM*050*20200630~AMT*AU*45.67~SVC*HC:99214:95*280*0~CAS*OA*23*262.33~CAS*CO*45*17.67~REF*6R*2875526160180~AMT*B6*45.67~CLP*6397175020*1*65*0**MC*20185E017714*11~NM1*QC*1*ISAACS*EULA****MI*00104775752~NM1*82*1*ACOSTA*LESLIE****XX*1992191159~DTM*232*20200619~DTM*233*20200619~DTM*050*20200630~SVC*HC:Q3014*65*0~CAS*CO*16*65~REF*6R*7056397175020~LQ*HE*N245~CLP*17937175291*1*65*0**MC*20185E017736*11~NM1*QC*1*GIBSON*LUCINDA*L***MI*00500686845~NM1*82*1*ACOSTA*LESLIE****XX*1992191159~DTM*232*20200619~DTM*233*20200619~DTM*050*20200630~SVC*HC:Q3014*65*0~CAS*CO*16*65~REF*6R*89617937175291~LQ*HE*N245~CLP*12740154246*2*280*0**MC*20185E017752*11~NM1*QC*1*BAYUS*RUDY****MI*00703568663~NM1*82*1*ACOSTA*LESLIE****XX*1992191159~DTM*232*20200605~DTM*233*20200605~DTM*050*20200630~AMT*AU*45.67~SVC*HC:99214:95*280*0~CAS*OA*23*262.33~CAS*CO*45*17.67~REF*6R*33612740154246~AMT*B6*45.67~CLP*15351159842*2*280*0**MC*20185E017757*11~NM1*QC*1*CURRY*MAGALINE****MI*00405239082~NM1*82*1*WILKERSON*SABRINA****XX*1760789101~DTM*232*20200608~DTM*233*20200608~DTM*050*20200630~AMT*AU*45.67~SVC*HC:99214:95*280*0~CAS*OA*23*262.33~CAS*CO*45*17.67~REF*6R*87815351159842~AMT*B6*45.67~CLP*5556160182*2*280*0**MC*20185E017759*11~NM1*QC*1*COOK*JEWELL*M***MI*00103498945~NM1*82*1*ACOSTA*LESLIE****XX*1992191159~DTM*232*20200612~DTM*233*20200612~DTM*050*20200630~AMT*AU*45.67~SVC*HC:99214:95*280*0~CAS*OA*23*262.33~CAS*CO*45*17.67~REF*6R*2895556160182~AMT*B6*45.67~CLP*5866160185*2*280*0**MC*20185E017768*11~NM1*QC*1*FARLEY*MARY****MI*00700069630~NM1*82*1*ACOSTA*LESLIE****XX*1992191159~DTM*232*20200612~DTM*233*20200612~DTM*050*20200630~AMT*AU*45.67~SVC*HC:99214:95*280*0~CAS*OA*23*262.33~CAS*CO*45*17.67~REF*6R*2925866160185~AMT*B6*45.67~CLP*17438175260*1*65*0**MC*20185E017783*11~NM1*QC*1*KING*JESSIE*M***MI*00901353158~NM1*82*1*ACOSTA*LESLIE****XX*1992191159~DTM*232*20200619~DTM*233*20200619~DTM*050*20200630~SVC*HC:Q3014*65*0~CAS*CO*16*65~REF*6R*88517438175260~LQ*HE*N245~CLP*12740175122*1*65*0**MC*20185E017784*11~NM1*QC*1*BAYUS*RUDY****MI*00703568663~NM1*82*1*ACOSTA*LESLIE****XX*1992191159~DTM*232*20200619~DTM*233*20200619~DTM*050*20200630~SVC*HC:Q3014*65*0~CAS*CO*16*65~REF*6R*76712740175122~LQ*HE*N245~CLP*6100175011*1*65*0**MC*20185E017793*11~NM1*QC*1*GWINN*NORMA****MI*00400995259~NM1*82*1*ACOSTA*LESLIE****XX*1992191159~DTM*232*20200619~DTM*233*20200619~DTM*050*20200630~SVC*HC:Q3014*65*0~CAS*CO*16*65~REF*6R*6976100175011~LQ*HE*N245~CLP*6159154096*2*280*0**MC*20185E017799*11~NM1*QC*1*HARLESS*DIANNA****MI*00100114321~NM1*82*1*ACOSTA*LESLIE****XX*1992191159~DTM*232*20200605~DTM*233*20200605~DTM*050*20200630~AMT*AU*45.67~SVC*HC:99214:95*280*0~CAS*OA*23*262.33~CAS*CO*45*17.67~REF*6R*1756159154096~AMT*B6*45.67~CLP*14179154285*2*280*0**MC*20185E017820*11~NM1*QC*1*GREEN*CARL****MI*00401678059~NM1*82*1*ACOSTA*LESLIE****XX*1992191159~DTM*232*20200605~DTM*233*20200605~DTM*050*20200630~AMT*AU*45.67~SVC*HC:99214:95*280*0~CAS*OA*23*262.33~CAS*CO*45*17.67~REF*6R*34814179154285~AMT*B6*45.67~CLP*8888158990*2*280*0**MC*20185E017832*11~NM1*QC*1*MARLER*LUTHER****MI*00304893759~NM1*82*1*ACOSTA*LESLIE****XX*1992191159~DTM*232*20200610~DTM*233*20200610~DTM*050*20200630~AMT*AU*45.67~SVC*HC:99214:95*280*0~CAS*OA*23*262.33~CAS*CO*45*17.67~REF*6R*4228888158990~AMT*B6*45.67~CLP*5808154089*2*280*0**MC*20185E017837*11~NM1*QC*1*ELLIS*BUSTER*W***MI*00800246128~NM1*82*1*ACOSTA*LESLIE****XX*1992191159~DTM*232*20200605~DTM*233*20200605~DTM*050*20200630~AMT*AU*45.67~SVC*HC:99214:95*280*0~CAS*OA*23*262.33~CAS*CO*45*17.67~REF*6R*1545808154089~AMT*B6*45.67~CLP*7061175029*1*65*0**MC*20185E017846*11~NM1*QC*1*NOE*BETTY*S***MI*00900035267~NM1*82*1*ACOSTA*LESLIE****XX*1992191159~DTM*232*20200619~DTM*233*20200619~DTM*050*20200630~SVC*HC:Q3014*65*0~CAS*CO*16*65~REF*6R*7097061175029~LQ*HE*N245~CLP*5153158893*2*280*0**MC*20185E017852*11~NM1*QC*1*BEALAND*PETER****MI*00501087497~NM1*82*1*ACOSTA*LESLIE****XX*1992191159~DTM*232*20200610~DTM*233*20200610~DTM*050*20200630~AMT*AU*45.67~SVC*HC:99214:95*280*0~CAS*OA*23*262.33~CAS*CO*45*17.67~REF*6R*3795153158893~AMT*B6*45.67~CLP*5023158892*2*280*0**MC*20185E017862*11~NM1*QC*1*ALEXANDER*VICKIE*L***MI*00500073895~NM1*82*1*ACOSTA*LESLIE****XX*1992191159~DTM*232*20200610~DTM*233*20200610~DTM*050*20200630~AMT*AU*45.67~SVC*HC:99214:95*280*0~CAS*OA*23*262.33~CAS*CO*45*17.67~REF*6R*3785023158892~AMT*B6*45.67~CLP*4738160167*2*280*0**MC*20185E017878*11~NM1*QC*1*BERENDT*GLORIA****MI*00905111893~NM1*82*1*ACOSTA*LESLIE****XX*1992191159~DTM*232*20200612~DTM*233*20200612~DTM*050*20200630~AMT*AU*45.67~SVC*HC:99214:95*280*0~CAS*OA*23*262.33~CAS*CO*45*17.67~REF*6R*2754738160167~AMT*B6*45.67~CLP*17949154457*2*280*0**MC*20185E017891*11~NM1*QC*1*ADKINS*PHYLLIS****MI*00502382642~NM1*82*1*ACOSTA*LESLIE****XX*1992191159~DTM*232*20200605~DTM*233*20200605~DTM*050*20200630~AMT*AU*45.67~SVC*HC:99214:95*280*0~CAS*OA*23*262.33~CAS*CO*45*17.67~REF*6R*69617949154457~AMT*B6*45.67~CLP*6270175014*1*65*0**MC*20185E017911*11~NM1*QC*1*HILL*EURADA****MI*00903459624~NM1*82*1*ACOSTA*LESLIE****XX*1992191159~DTM*232*20200619~DTM*233*20200619~DTM*050*20200630~SVC*HC:Q3014*65*0~CAS*CO*16*65~REF*6R*7006270175014~LQ*HE*N245~CLP*5392160177*2*280*0**MC*20185E017938*11~NM1*QC*1*BURNS*MYRTLE*G***MI*00304164503~NM1*82*1*ACOSTA*LESLIE****XX*1992191159~DTM*232*20200612~DTM*233*20200612~DTM*050*20200630~AMT*AU*45.67~SVC*HC:99214:95*280*0~CAS*CO*16*280~REF*6R*2845392160177~AMT*B6*45.67~LQ*HE*N479~CLP*5808175005*1*65*0**MC*20185E017982*11~NM1*QC*1*ELLIS*BUSTER*W***MI*00800246128~NM1*82*1*ACOSTA*LESLIE****XX*1992191159~DTM*232*20200619~DTM*233*20200619~DTM*050*20200630~SVC*HC:Q3014*65*0~CAS*CO*16*65~REF*6R*6945808175005~LQ*HE*N245~CLP*17441175261*1*65*0**MC*20185E018058*11~NM1*QC*1*HUTCHINSON*ESSIE****MI*00506161422~NM1*82*1*ACOSTA*LESLIE****XX*1992191159~DTM*232*20200619~DTM*233*20200619~DTM*050*20200630~SVC*HC:Q3014*65*0~CAS*CO*16*65~REF*6R*88617441175261~LQ*HE*N245~CLP*7275158933*2*280*0**MC*20185E018098*11~NM1*QC*1*RAINEY*ALINDA****MI*00600465226~NM1*82*1*ACOSTA*LESLIE****XX*1992191159~DTM*232*20200610~DTM*233*20200610~DTM*050*20200630~AMT*AU*45.67~SVC*HC:99214:95*280*0~CAS*OA*23*262.33~CAS*CO*45*17.67~REF*6R*4017275158933~AMT*B6*45.67~CLP*7982158947*2*280*0**MC*20185E018533*11~NM1*QC*1*WEIKLE*LARRY*G***MI*00100483261~NM1*82*1*ACOSTA*LESLIE****XX*1992191159~DTM*232*20200610~DTM*233*20200610~DTM*050*20200701~AMT*AU*45.67~SVC*HC:99214:95*280*0~CAS*OA*23*262.33~CAS*CO*45*17.67~REF*6R*5307982158947~AMT*B6*45.67~CLP*7668158940*2*280*0**MC*20185E018587*11~NM1*QC*1*STEELE*DARRELL*R***MI*00201302978~NM1*82*1*ACOSTA*LESLIE****XX*1992191159~DTM*232*20200610~DTM*233*20200610~DTM*050*20200701~AMT*AU*45.67~SVC*HC:99214:95*280*0~CAS*CO*16*280~REF*6R*5257668158940~AMT*B6*45.67~LQ*HE*N479~CLP*8067158948*2*280*0**MC*20185E018663*11~NM1*QC*1*WILLIAMS*SHARON*A***MI*00000128680~NM1*82*1*ACOSTA*LESLIE****XX*1992191159~DTM*232*20200610~DTM*233*20200610~DTM*050*20200701~AMT*AU*45.67~SVC*HC:99214:95*280*0~CAS*OA*23*262.33~CAS*CO*45*17.67~REF*6R*5318067158948~AMT*B6*45.67~CLP*6732175023*1*65*0**MC*20185E018672*11~NM1*QC*1*LUTHER*JERRY*R***MI*00000643922~NM1*82*1*ACOSTA*LESLIE****XX*1992191159~DTM*232*20200619~DTM*233*20200619~DTM*050*20200701~SVC*HC:Q3014*65*0~CAS*CO*16*65~REF*6R*7066732175023~LQ*HE*N245~CLP*17113172761*2*280*0**MC*20185E018727*11~NM1*QC*1*FARRIS*ARTIE****MI*00403681533~NM1*82*1*WILKERSON*SABRINA****XX*1760789101~DTM*232*20200611~DTM*233*20200611~DTM*050*20200701~AMT*AU*45.67~SVC*HC:99214:95*280*0~CAS*OA*23*262.33~CAS*CO*45*17.67~REF*6R*47817113172761~AMT*B6*45.67~CLP*17420172782*2*280*0**MC*20185E018735*11~NM1*QC*1*BRYANT*DORIS*J***MI*00601361454~NM1*82*1*WILKERSON*SABRINA****XX*1760789101~DTM*232*20200611~DTM*233*20200611~DTM*050*20200701~AMT*AU*45.67~SVC*HC:99214:95*280*0~CAS*OA*23*262.33~CAS*CO*45*17.67~REF*6R*48817420172782~AMT*B6*45.67~CLP*17220172764*2*280*0**MC*20185E018804*11~NM1*QC*1*WHITE*CLYDE*C***MI*00400245724~NM1*82*1*WILKERSON*SABRINA****XX*1760789101~DTM*232*20200611~DTM*233*20200611~DTM*050*20200701~AMT*AU*45.67~SVC*HC:99214:95*280*0~CAS*OA*23*262.33~CAS*CO*45*17.67~REF*6R*48117220172764~AMT*B6*45.67~CLP*16729172741*2*280*0**MC*20185E018852*11~NM1*QC*1*ARBOGAST*NINA****MI*00404961160~NM1*82*1*WILKERSON*SABRINA****XX*1760789101~DTM*232*20200611~DTM*233*20200611~DTM*050*20200701~AMT*AU*45.67~SVC*HC:99214:95*280*0~CAS*OA*23*262.33~CAS*CO*45*17.67~REF*6R*46816729172741~AMT*B6*45.67~CLP*17483172800*2*280*0**MC*20185E018887*11~NM1*QC*1*MOLES*CONNIE****MI*00002742920~NM1*82*1*WILKERSON*SABRINA****XX*1760789101~DTM*232*20200611~DTM*233*20200611~DTM*050*20200701~SVC*HC:99214:95*280*0~CAS*CO*16*280~REF*6R*50017483172800~LQ*HE*N479~CLP*1082689838*2*185*0**MC*20185E018913*02~NM1*QC*1*MCFARLAND*BETTY****MI*00305542141~NM1*82*1*ACOSTA*LESLIE****XX*1992191159~DTM*232*20190905~DTM*233*20190905~DTM*050*20200630~SVC*HC:G0407*185*0~CAS*CO*16*185~REF*6R*1231082689838~LQ*HE*N479~CLP*15246172695*2*280*0**MC*20185E018923*11~NM1*QC*1*PHILLIPS*GENEVIEVE****MI*00500846077~NM1*82*1*WILKERSON*SABRINA****XX*1760789101~DTM*232*20200611~DTM*233*20200611~DTM*050*20200701~AMT*AU*45.67~SVC*HC:99214:95*280*0~CAS*OA*23*262.33~CAS*CO*45*17.67~REF*6R*43715246172695~AMT*B6*45.67~CLP*15121173266*2*180*0**MC*20185E019082*02~NM1*QC*1*SUMMERS*ANNA*R***MI*00900122629~NM1*82*1*KOZEE*HOLLY****XX*1467783159~DTM*232*20200616~DTM*233*20200616~DTM*050*20200702~AMT*AU*50.48~SVC*HC:90832:GT*180*0~CAS*OA*23*167.33~CAS*CO*45*12.67~REF*6R*78915121173266~AMT*B6*50.48~CLP*17194173385*2*180*0**MC*20185E019093*02~NM1*QC*1*MULLINS*BIRDIE*L***MI*00700104227~NM1*82*1*KOZEE*HOLLY****XX*1467783159~DTM*232*20200616~DTM*233*20200616~DTM*050*20200702~AMT*AU*50.48~SVC*HC:90832:GT*180*0~CAS*OA*23*167.33~CAS*CO*45*12.67~REF*6R*83117194173385~AMT*B6*50.48~CLP*14848179193*1*65*0**MC*20185E019135*11~NM1*QC*1*MCCLUNG*MARGARET****MI*00501354015~NM1*82*1*MORGES*WILFREDO****XX*1871007377~DTM*232*20200622~DTM*233*20200622~DTM*050*20200702~SVC*HC:Q3014*65*0~CAS*CO*16*65~REF*6R*27614848179193~LQ*HE*N245~CLP*15117173261*2*180*0**MC*20185E019158*02~NM1*QC*1*STATEN*JOE****MI*00100336637~NM1*82*1*KOZEE*HOLLY****XX*1467783159~DTM*232*20200616~DTM*233*20200616~DTM*050*20200702~AMT*AU*50.48~SVC*HC:90832:GT*180*0~CAS*OA*23*167.33~CAS*CO*45*12.67~REF*6R*78515117173261~AMT*B6*50.48~CLP*15289179236*1*65*0**MC*20185E019163*11~NM1*QC*1*MCCOY*MAXINE*L***MI*00100254351~NM1*82*1*MORGES*WILFREDO****XX*1871007377~DTM*232*20200622~DTM*233*20200622~DTM*050*20200702~SVC*HC:Q3014*65*0~CAS*CO*16*65~REF*6R*32215289179236~LQ*HE*N245~CLP*15147149944*2*280*0**MC*20185E019175*11~NM1*QC*1*COBURN*DOROTHY*E***MI*00003075706~NM1*82*1*MORGES*WILFREDO****XX*1871007377~DTM*232*20200601~DTM*233*20200601~DTM*050*20200702~AMT*AU*45.67~SVC*HC:99214:GW:95*280*0~CAS*OA*23*262.33~CAS*CO*45*17.67~REF*6R*98515147149944~AMT*B6*45.67~CLP*15028179207*1*65*0**MC*20185E019187*11~NM1*QC*1*MCDANIELS*JULIE*P***MI*00800018218~NM1*82*1*MORGES*WILFREDO****XX*1871007377~DTM*232*20200622~DTM*233*20200622~DTM*050*20200702~SVC*HC:Q3014*65*0~CAS*CO*16*65~REF*6R*29615028179207~LQ*HE*N245~CLP*17431173429*2*280*0**MC*20185E019217*11~NM1*QC*1*KEEN*MARGARET*G***MI*00905929455~NM1*82*1*MORGES*WILFREDO****XX*1871007377~DTM*232*20200616~DTM*233*20200616~DTM*050*20200702~AMT*AU*45.67~SVC*HC:99214:95*280*0~CAS*OA*23*262.33~CAS*CO*45*17.67~REF*6R*84317431173429~AMT*B6*45.67~CLP*17426173425*2*280*0**MC*20185E019260*11~NM1*QC*1*HARDY*KATHLEEN****MI*00705590338~NM1*82*1*MORGES*WILFREDO****XX*1871007377~DTM*232*20200616~DTM*233*20200616~DTM*050*20200702~AMT*AU*45.67~SVC*HC:99214:95*280*0~CAS*OA*23*262.33~CAS*CO*45*17.67~REF*6R*83917426173425~AMT*B6*45.67~CLP*17421173418*2*180*0**MC*20185E019283*02~NM1*QC*1*BURGESS*BELDORA****MI*00104285490~NM1*82*1*KOZEE*HOLLY****XX*1467783159~DTM*232*20200616~DTM*233*20200616~DTM*050*20200702~AMT*AU*50.48~SVC*HC:90832:GT*180*0~CAS*OA*23*167.33~CAS*CO*45*12.67~REF*6R*83417421173418~AMT*B6*50.48~CLP*17414173417*2*180*0**MC*20185E019322*02~NM1*QC*1*WHITE*PAUL*V***MI*00100402665~NM1*82*1*KOZEE*HOLLY****XX*1467783159~DTM*232*20200616~DTM*233*20200616~DTM*050*20200702~AMT*AU*50.48~SVC*HC:90832:GT*180*0~CAS*OA*23*167.33~CAS*CO*45*12.67~REF*6R*83317414173417~AMT*B6*50.48~CLP*17127173370*2*280*0**MC*20185E019363*11~NM1*QC*1*BOYSEL*MELODY*A***MI*00706091814~NM1*82*1*MORGES*WILFREDO****XX*1871007377~DTM*232*20200616~DTM*233*20200616~DTM*050*20200702~AMT*AU*45.67~SVC*HC:99214:95*280*0~CAS*CO*16*280~REF*6R*82517127173370~AMT*B6*45.67~LQ*HE*N479~CLP*15139146760*2*180*0**MC*20185E019382*02~NM1*QC*1*JONES*ROBERT****MI*00502520451~NM1*82*1*KOZEE*HOLLY****XX*1467783159~DTM*232*20200522~DTM*233*20200522~DTM*050*20200702~AMT*AU*50.48~SVC*HC:90832:GW:GT*180*0~CAS*OA*23*167.33~CAS*CO*45*12.67~REF*6R*97415139146760~AMT*B6*50.48~CLP*17428173427*2*280*0**MC*20185E019805*11~NM1*QC*1*BOSWORTH*ALOISE*Y***MI*00303779740~NM1*82*1*MORGES*WILFREDO****XX*1871007377~DTM*232*20200616~DTM*233*20200616~DTM*050*20200702~AMT*AU*45.67~SVC*HC:99214:95*280*0~CAS*OA*23*262.33~CAS*CO*45*17.67~REF*6R*84117428173427~AMT*B6*45.67~CLP*4264173018*2*280*0**MC*20185E020480*11~NM1*QC*1*PATRICK*LEONARD****MI*00900020389~NM1*82*1*ACOSTA*LESLIE****XX*1992191159~DTM*232*20200616~DTM*233*20200616~DTM*050*20200702~AMT*AU*45.67~SVC*HC:99214:95*280*0~CAS*OA*23*262.33~CAS*CO*45*17.67~REF*6R*5234264173018~AMT*B6*45.67~CLP*6990173072*2*280*0**MC*20185E020543*11~NM1*QC*1*MOYE*JEFFREY****MI*00301255067~NM1*82*1*ACOSTA*LESLIE****XX*1992191159~DTM*232*20200616~DTM*233*20200616~DTM*050*20200702~AMT*AU*45.67~SVC*HC:99214:95*280*0~CAS*OA*23*262.33~CAS*CO*45*17.67~REF*6R*5496990173072~AMT*B6*45.67~CLP*7786173085*2*280*0**MC*20185E020572*11~NM1*QC*1*THACKER*OPAL****MI*00503814264~NM1*82*1*ACOSTA*LESLIE****XX*1992191159~DTM*232*20200616~DTM*233*20200616~DTM*050*20200702~AMT*AU*45.67~SVC*HC:99214:95*280*0~CAS*OA*23*262.33~CAS*CO*45*17.67~REF*6R*5607786173085~AMT*B6*45.67~CLP*4207173014*2*280*0**MC*20185E020606*11~NM1*QC*1*WALLACE*WILLIE*M***MI*00705709298~NM1*82*1*ACOSTA*LESLIE****XX*1992191159~DTM*232*20200616~DTM*233*20200616~DTM*050*20200702~AMT*AU*45.67~SVC*HC:99214:95*280*0~CAS*OA*23*262.33~CAS*CO*45*17.67~REF*6R*5084207173014~AMT*B6*45.67~CLP*9211173132*2*280*0**MC*20185E020612*11~NM1*QC*1*ROBINETTE*LINDA****MI*00605451488~NM1*82*1*ACOSTA*LESLIE****XX*1992191159~DTM*232*20200616~DTM*233*20200616~DTM*050*20200702~AMT*AU*45.67~SVC*HC:99214:95*280*0~CAS*OA*23*262.33~CAS*CO*45*17.67~REF*6R*6999211173132~AMT*B6*45.67~CLP*17944173485*2*280*0**MC*20185E020625*11~NM1*QC*1*BLAIR*BILLIE****MI*00405831481~NM1*82*1*ACOSTA*LESLIE****XX*1992191159~DTM*232*20200616~DTM*233*20200616~DTM*050*20200702~AMT*AU*45.67~SVC*HC:99214:95*280*0~CAS*OA*23*262.33~CAS*CO*45*17.67~REF*6R*87617944173485~AMT*B6*45.67~CLP*17072173363*2*280*0**MC*20185E020633*11~NM1*QC*1*BAISDEN*ROSALEE****MI*00100808923~NM1*82*1*ACOSTA*LESLIE****XX*1992191159~DTM*232*20200616~DTM*233*20200616~DTM*050*20200702~AMT*AU*45.67~SVC*HC:99214:95*280*0~CAS*OA*23*262.33~CAS*CO*45*17.67~REF*6R*82417072173363~AMT*B6*45.67~CLP*5357173039*2*280*0**MC*20185E020683*11~NM1*QC*1*BRYANT*CARLETTA****MI*00100092401~NM1*82*1*ACOSTA*LESLIE****XX*1992191159~DTM*232*20200616~DTM*233*20200616~DTM*050*20200702~AMT*AU*45.67~SVC*HC:99214:95*280*0~CAS*OA*23*262.33~CAS*CO*45*17.67~REF*6R*5355357173039~AMT*B6*45.67~CLP*10858173166*2*280*0**MC*20185E020691*11~NM1*QC*1*FRANCIS*BARBARA****MI*00200179675~NM1*82*1*ACOSTA*LESLIE****XX*1992191159~DTM*232*20200616~DTM*233*20200616~DTM*050*20200702~AMT*AU*45.67~SVC*HC:99214:95*280*0~CAS*OA*23*262.33~CAS*CO*45*17.67~REF*6R*71910858173166~AMT*B6*45.67~CLP*17421173420*2*280*0**MC*20185E020692*11~NM1*QC*1*BURGESS*BELDORA****MI*00104285490~NM1*82*1*WILKERSON*SABRINA****XX*1760789101~DTM*232*20200615~DTM*233*20200615~DTM*050*20200702~AMT*AU*45.67~SVC*HC:99214:95*280*0~CAS*OA*23*262.33~CAS*CO*45*17.67~REF*6R*83617421173420~AMT*B6*45.67~CLP*7847158943*2*280*0**MC*20185E020855*11~NM1*QC*1*TUCKER*PATRICIA****MI*00703239135~NM1*82*1*ACOSTA*LESLIE****XX*1992191159~DTM*232*20200610~DTM*233*20200610~DTM*050*20200701~AMT*AU*45.67~SVC*HC:99214:95*280*0~CAS*CO*16*280~REF*6R*5297847158943~AMT*B6*45.67~LQ*HE*N479~CLP*10847173162*2*280*0**MC*20185E021017*11~NM1*QC*1*SESCO*HELEN****MI*00605696325~NM1*82*1*ACOSTA*LESLIE****XX*1992191159~DTM*232*20200616~DTM*233*20200616~DTM*050*20200702~AMT*AU*45.67~SVC*HC:99214:95*280*0~CAS*OA*23*262.33~CAS*CO*45*17.67~REF*6R*71010847173162~AMT*B6*45.67~CLP*17692173452*2*280*0**MC*20185E021124*11~NM1*QC*1*ROSE*PHYLLIS****MI*00906238007~NM1*82*1*ACOSTA*LESLIE****XX*1992191159~DTM*232*20200616~DTM*233*20200616~DTM*050*20200702~AMT*AU*45.67~SVC*HC:99214:95*280*0~CAS*OA*23*262.33~CAS*CO*45*17.67~REF*6R*85417692173452~AMT*B6*45.67~CLP*10852173163*2*280*0**MC*20185E021368*11~NM1*QC*1*BROWNING*BETTY****MI*00906025781~NM1*82*1*ACOSTA*LESLIE****XX*1992191159~DTM*232*20200616~DTM*233*20200616~DTM*050*20200702~AMT*AU*45.67~SVC*HC:99214:95*280*0~CAS*OA*23*262.33~CAS*CO*45*17.67~REF*6R*71110852173163~AMT*B6*45.67~CLP*17697258130*1*65*0**MC*20189E002325*11~NM1*QC*1*LESTER*GENEVA*F***MI*00301449723~NM1*82*1*KOZEE*HOLLY****XX*1467783159~DTM*232*20200703~DTM*233*20200703~DTM*050*20200707~SVC*HC:Q3014:AH*65*0~CAS*CO*22*65~REF*6R*07117697258130~CLP*1697024036*1*185*0**MC*20189E002387*02~NM1*QC*1*CAMPBELL*MARK****MI*00803926138~NM1*82*1*MORGES*WILFREDO****XX*1871007377~DTM*232*20200214~DTM*233*20200214~DTM*050*20200707~SVC*HC:G0407*185*0~CAS*CO*204*185~REF*6R*7091697024036~CLP*1697013619*1*185*0**MC*20189E002388*02~NM1*QC*1*CAMPBELL*MARK****MI*00803926138~NM1*82*1*MORGES*WILFREDO****XX*1871007377~DTM*232*20200128~DTM*233*20200128~DTM*050*20200707~SVC*HC:G0407*185*0~CAS*CO*204*185~REF*6R*6991697013619~CLP*1697030293*1*185*0**MC*20189E002398*02~NM1*QC*1*CAMPBELL*MARK****MI*00803926138~NM1*82*1*MORGES*WILFREDO****XX*1871007377~DTM*232*20200228~DTM*233*20200228~DTM*050*20200707~SVC*HC:G0407*185*0~CAS*CO*204*185~REF*6R*7271697030293~CLP*17697258129*1*180*0**MC*20189E002400*02~NM1*QC*1*LESTER*GENEVA*F***MI*00301449723~NM1*82*1*KOZEE*HOLLY****XX*1467783159~DTM*232*20200703~DTM*233*20200703~DTM*050*20200707~SVC*HC:90832:AH:GT*180*0~CAS*CO*22*180~REF*6R*07017697258129~CLP*17154259985*1*120*0**MC*20190E003552*11~NM1*QC*1*GEORGE*GARY****MI*00501204170~NM1*82*1*MORGES*WILFREDO****XX*1871007377~DTM*232*20200611~DTM*233*20200611~DTM*050*20200708~SVC*HC:99484:SA*120*0~CAS*CO*204*120~REF*6R*66917154259985~CLP*17164259991*1*120*0**MC*20190E003555*11~NM1*QC*1*ROBINSON*JAMES*L***MI*00500142925~NM1*82*1*MORGES*WILFREDO****XX*1871007377~DTM*232*20200618~DTM*233*20200618~DTM*050*20200708~SVC*HC:99484:SA*120*0~CAS*CO*204*120~REF*6R*69717164259991~CLP*17168259993*1*120*0**MC*20190E003557*11~NM1*QC*1*SCARBERRY*ROY*A***MI*00000556875~NM1*82*1*MORGES*WILFREDO****XX*1871007377~DTM*232*20200618~DTM*233*20200618~DTM*050*20200708~SVC*HC:99484:SA*120*0~CAS*CO*204*120~REF*6R*70817168259993~CLP*18313260496*1*120*0**MC*20190E003561*11~NM1*QC*1*JENNINGS*TAMI****MI*00000201570~NM1*82*1*WILKERSON*SABRINA****XX*1760789101~DTM*232*20200629~DTM*233*20200629~DTM*050*20200708~SVC*HC:99484:SA*120*0~CAS*CO*204*120~REF*6R*78418313260496~CLP*17836260241*1*120*0**MC*20190E003565*11~NM1*QC*1*MCCONNELL*DELORIS*J***MI*00506007748~NM1*82*1*MORGES*WILFREDO****XX*1871007377~DTM*232*20200617~DTM*233*20200617~DTM*050*20200708~SVC*HC:99484:SA*120*0~CAS*CO*204*120~REF*6R*29717836260241~SE*4511*0008~GE*8*739073068~IEA*1*739073068~